
<marc:record><marc:leader>03889cam a22006014i 4500</marc:leader>
<marc:controlfield tag="001">003353770</marc:controlfield>
<marc:controlfield tag="003">FI-MELINDA</marc:controlfield><marc:controlfield tag="005">20190703231028.0</marc:controlfield><marc:controlfield tag="008">030616s2002    xxu|||||||||||||||||eng||</marc:controlfield><marc:datafield tag="020" ind1=" " ind2=" "><marc:subfield code="a">0-87404-248-8</marc:subfield><marc:subfield code="q">nidottu</marc:subfield></marc:datafield><marc:datafield tag="035" ind1=" " ind2=" "><marc:subfield code="a">(FI-MELINDA)003353770</marc:subfield></marc:datafield><marc:datafield tag="041" ind1="0" ind2=" "><marc:subfield code="a">eng</marc:subfield></marc:datafield><marc:datafield tag="245" ind1="0" ind2="0"><marc:subfield code="a">Sacred violence.</marc:subfield><marc:subfield code="n">Volume 2,</marc:subfield><marc:subfield code="p">Cormac McCarthy's Western novels /</marc:subfield><marc:subfield code="c">edited by Wade Hall and Rick Wallach.</marc:subfield></marc:datafield><marc:datafield tag="250" ind1=" " ind2=" "><marc:subfield code="a">2. ed.</marc:subfield></marc:datafield><marc:datafield tag="260" ind1=" " ind2=" "><marc:subfield code="a">Texas :</marc:subfield><marc:subfield code="b">Texas Western Press,</marc:subfield><marc:subfield code="c">cop. 2002.</marc:subfield></marc:datafield><marc:datafield tag="300" ind1=" " ind2=" "><marc:subfield code="a">ix, 231 s</marc:subfield></marc:datafield><marc:datafield tag="336" ind1=" " ind2=" "><marc:subfield code="a">teksti</marc:subfield><marc:subfield code="b">txt</marc:subfield><marc:subfield code="2">rdacontent</marc:subfield></marc:datafield><marc:datafield tag="337" ind1=" " ind2=" "><marc:subfield code="a">käytettävissä ilman laitetta</marc:subfield><marc:subfield code="b">n</marc:subfield><marc:subfield code="2">rdamedia</marc:subfield></marc:datafield><marc:datafield tag="338" ind1=" " ind2=" "><marc:subfield code="a">nide</marc:subfield><marc:subfield code="b">nc</marc:subfield><marc:subfield code="2">rdacarrier</marc:subfield></marc:datafield><marc:datafield tag="505" ind1="0" ind2=" "><marc:subfield code="a">Judge Holden, Blood meridian's evil archon / Rick Wallach -- Blood music : reading Blood meridian / Petr Josyph -- Stylistic variations and cognitive constraint in All the pretty horses / Nancy Kreml -- Deceiving the will to truth : the semiotic foundation of All the pretty horses / Linda Townley Woodson - &quot;When you wake&quot; : John Grady Cole's heroism in All the pretty horses / Dianne C. Luce -- The Crossing's noble savagery : the wolf, the Indian, and the empire / Molly McBride - &quot;An impulse to action, an undefined want&quot; : modernity, flight, and crisis in the Border trilogy and Blood meridian / Nick Monk -- Horses, houses, and the gravy to win : chivalric and domestic roles in the Border trilogy / Jay Ellis and Natalka Palczynski -- What happens to country : the world to come in Cormac McCarthy's Border trilogy / Stacey Peebles -- &quot;Some improvident god&quot; : metaphysical explorations in McCarthy's Border trilogy / Kim McMurtry -- Theater, ritual, and dream in the Border trilogy / Rick Wallach -- The mosaic of McCarthy's fiction, continued / Edwin T. Arnold -- Kafka's mountain : notes passed during a screening of All the pretty horses / Raymond Todd -- Tragic ecstasy : a conversation about McCarthy's Blood meridian / Peter Josyph</marc:subfield></marc:datafield><marc:datafield tag="600" ind1="1" ind2="4"><marc:subfield code="a">McCarthy, Cormac.</marc:subfield></marc:datafield><marc:datafield tag="650" ind1=" " ind2="7"><marc:subfield code="a">kirjallisuudentutkimus</marc:subfield><marc:subfield code="2">yso/fin</marc:subfield><marc:subfield code="0">http://www.yso.fi/onto/yso/p1066</marc:subfield></marc:datafield><marc:datafield tag="650" ind1=" " ind2="7"><marc:subfield code="a">englanninkielinen kirjallisuus</marc:subfield><marc:subfield code="2">yso/fin</marc:subfield><marc:subfield code="0">http://www.yso.fi/onto/yso/p11223</marc:subfield></marc:datafield><marc:datafield tag="650" ind1=" " ind2="7"><marc:subfield code="a">litteraturvetenskap</marc:subfield><marc:subfield code="2">yso/swe</marc:subfield><marc:subfield code="0">http://www.yso.fi/onto/yso/p1066</marc:subfield></marc:datafield><marc:datafield tag="650" ind1=" " ind2="7"><marc:subfield code="a">engelsk litteratur</marc:subfield><marc:subfield code="2">yso/swe</marc:subfield><marc:subfield code="0">http://www.yso.fi/onto/yso/p11223</marc:subfield></marc:datafield><marc:datafield tag="700" ind1="1" ind2=" "><marc:subfield code="a">Wallach, Rick.</marc:subfield></marc:datafield><marc:datafield tag="700" ind1="1" ind2=" "><marc:subfield code="a">Hall, Wade.</marc:subfield></marc:datafield><marc:datafield tag="700" ind1="1" ind2=" "><marc:subfield code="a">Josyph, Peter.</marc:subfield></marc:datafield><marc:datafield tag="700" ind1="1" ind2=" "><marc:subfield code="a">Kreml, Nancy.</marc:subfield></marc:datafield><marc:datafield tag="700" ind1="1" ind2=" "><marc:subfield code="a">Woodson, Linda Townley.</marc:subfield></marc:datafield><marc:datafield tag="700" ind1="1" ind2=" "><marc:subfield code="a">Luce, Dianne C.</marc:subfield></marc:datafield><marc:datafield tag="700" ind1="1" ind2=" "><marc:subfield code="a">McBride, Molly.</marc:subfield></marc:datafield><marc:datafield tag="700" ind1="1" ind2=" "><marc:subfield code="a">Monk, Nick.</marc:subfield></marc:datafield><marc:datafield tag="700" ind1="1" ind2=" "><marc:subfield code="a">Ellis, Jay.</marc:subfield></marc:datafield><marc:datafield tag="700" ind1="1" ind2=" "><marc:subfield code="a">Palczynski, Natalka.</marc:subfield></marc:datafield><marc:datafield tag="700" ind1="1" ind2=" "><marc:subfield code="a">Peebles, Stacey.</marc:subfield></marc:datafield><marc:datafield tag="700" ind1="1" ind2=" "><marc:subfield code="a">McMurtry, Kim.</marc:subfield></marc:datafield><marc:datafield tag="700" ind1="1" ind2=" "><marc:subfield code="a">Arnold, Edwin T.</marc:subfield></marc:datafield><marc:datafield tag="700" ind1="1" ind2=" "><marc:subfield code="a">Todd, Raymond.</marc:subfield></marc:datafield><marc:datafield tag="740" ind1="0" ind2=" "><marc:subfield code="a">Judge Holden, Blood meridian's evil archon.</marc:subfield></marc:datafield><marc:datafield tag="740" ind1="0" ind2=" "><marc:subfield code="a">Blood music : reading Blood meridian.</marc:subfield></marc:datafield><marc:datafield tag="740" ind1="0" ind2=" "><marc:subfield code="a">Stylistic variations and cognitive constraint in All the pretty horses.</marc:subfield></marc:datafield><marc:datafield tag="740" ind1="0" ind2=" "><marc:subfield code="a">Deceiving the will to truth : the semiotic foundation of All the pretty horses.</marc:subfield></marc:datafield><marc:datafield tag="740" ind1="1" ind2=" "><marc:subfield code="a">&quot;When you wake&quot; : John Grady Cole's heroism in All the pretty horses.</marc:subfield></marc:datafield><marc:datafield tag="740" ind1="4" ind2=" "><marc:subfield code="a">The Crossing's noble savagery : the wolf, the Indian, and the empire.</marc:subfield></marc:datafield><marc:datafield tag="740" ind1="1" ind2=" "><marc:subfield code="a">&quot;An impulse to action, an undefined want&quot; : modernity, flight, and crisis in the Border trilogy and Blood meridian.</marc:subfield></marc:datafield><marc:datafield tag="740" ind1="0" ind2=" "><marc:subfield code="a">Horses, houses, and the gravy to win : chivalric and domestic roles in the Border trilogy.</marc:subfield></marc:datafield><marc:datafield tag="740" ind1="0" ind2=" "><marc:subfield code="a">What happens to country : the world to come in Cormac McCarthy's Border trilogy.</marc:subfield></marc:datafield><marc:datafield tag="740" ind1="1" ind2=" "><marc:subfield code="a">&quot;Some improvident god&quot; : metaphysical explorations in McCarthy's Border trilogy.</marc:subfield></marc:datafield><marc:datafield tag="740" ind1="0" ind2=" "><marc:subfield code="a">Theater, ritual, and dream in the Border trilogy.</marc:subfield></marc:datafield><marc:datafield tag="740" ind1="4" ind2=" "><marc:subfield code="a">The mosaic of McCarthy's fiction, continued.</marc:subfield></marc:datafield><marc:datafield tag="740" ind1="0" ind2=" "><marc:subfield code="a">Kafka's mountain : notes passed during a screening of All the pretty horses.</marc:subfield></marc:datafield><marc:datafield tag="740" ind1="0" ind2=" "><marc:subfield code="a">Tragic ecstasy : a conversation about McCarthy's Blood meridian.</marc:subfield></marc:datafield></marc:record>