
<marc:record><marc:leader>02730cam a22004814i 4500</marc:leader>
<marc:controlfield tag="001">006877113</marc:controlfield>
<marc:controlfield tag="003">FI-MELINDA</marc:controlfield><marc:controlfield tag="005">20210717081643.0</marc:controlfield><marc:controlfield tag="008">140930s2011    xxu      b   |||1 0 eng c</marc:controlfield><marc:datafield tag="020" ind1=" " ind2=" "><marc:subfield code="a">0-8071-3721-9</marc:subfield><marc:subfield code="q">sidottu</marc:subfield><marc:subfield code="q">alkaline paper</marc:subfield></marc:datafield><marc:datafield tag="020" ind1=" " ind2=" "><marc:subfield code="a">978-0-8071-3721-5</marc:subfield><marc:subfield code="q">sidottu</marc:subfield><marc:subfield code="q">alkaline paper</marc:subfield></marc:datafield><marc:datafield tag="035" ind1=" " ind2=" "><marc:subfield code="a">(FI-MELINDA)006877113</marc:subfield></marc:datafield><marc:datafield tag="041" ind1="0" ind2=" "><marc:subfield code="a">eng</marc:subfield></marc:datafield><marc:datafield tag="100" ind1="1" ind2=" "><marc:subfield code="a">Cooper, Lydia R.,</marc:subfield><marc:subfield code="e">kirjoittaja.</marc:subfield></marc:datafield><marc:datafield tag="245" ind1="1" ind2="0"><marc:subfield code="a">No more heroes :</marc:subfield><marc:subfield code="b">narrative perspective and morality in Cormac McCarthy /</marc:subfield><marc:subfield code="c">Lydia R. Cooper.</marc:subfield></marc:datafield><marc:datafield tag="260" ind1=" " ind2=" "><marc:subfield code="a">Baton Rouge :</marc:subfield><marc:subfield code="b">Louisiana State University Press,</marc:subfield><marc:subfield code="c">cop. 2011.</marc:subfield></marc:datafield><marc:datafield tag="300" ind1=" " ind2=" "><marc:subfield code="a">x, 185 pages ;</marc:subfield><marc:subfield code="c">23 cm</marc:subfield></marc:datafield><marc:datafield tag="336" ind1=" " ind2=" "><marc:subfield code="a">teksti</marc:subfield><marc:subfield code="b">txt</marc:subfield><marc:subfield code="2">rdacontent</marc:subfield></marc:datafield><marc:datafield tag="337" ind1=" " ind2=" "><marc:subfield code="a">käytettävissä ilman laitetta</marc:subfield><marc:subfield code="b">n</marc:subfield><marc:subfield code="2">rdamedia</marc:subfield></marc:datafield><marc:datafield tag="338" ind1=" " ind2=" "><marc:subfield code="a">nide</marc:subfield><marc:subfield code="b">nc</marc:subfield><marc:subfield code="2">rdacarrier</marc:subfield></marc:datafield><marc:datafield tag="490" ind1="0" ind2=" "><marc:subfield code="a">Southern literary series</marc:subfield></marc:datafield><marc:datafield tag="504" ind1=" " ind2=" "><marc:subfield code="a">Includes bibliographical references (p. [179]-182) and index.</marc:subfield></marc:datafield><marc:datafield tag="505" ind1="0" ind2=" "><marc:subfield code="a">Introduction: narrative perspective and morality in McCarthy's novels -- &quot;Word and flesh&quot;: narrative and morality in the early Appalachian novels -- &quot;A dream of shriving&quot;: empathy and the aesthetics of confession in Suttree and Blood meridian -- &quot;Pledged in blood&quot;: linguistic interiority and redemption in the border trilogy -- &quot;He's a psychopathic killer but so what?&quot;: moral storytelling in No country for old men -- &quot;There is no god and we are his prophets&quot;: heroism and prophetic narrative in The road -- Conclusion: finding heroism through empathy in McCarthy's novels.</marc:subfield></marc:datafield><marc:datafield tag="600" ind1="1" ind2="4"><marc:subfield code="a">McCarthy, Cormac,</marc:subfield><marc:subfield code="x">Criticism and interpretation.</marc:subfield></marc:datafield><marc:datafield tag="600" ind1="1" ind2="4"><marc:subfield code="a">McCarthy, Cormac,</marc:subfield><marc:subfield code="x">Technique.</marc:subfield></marc:datafield><marc:datafield tag="650" ind1=" " ind2="0"><marc:subfield code="a">Empathy in literature.</marc:subfield></marc:datafield><marc:datafield tag="650" ind1=" " ind2="0"><marc:subfield code="a">Ethics in literature.</marc:subfield></marc:datafield><marc:datafield tag="650" ind1=" " ind2="0"><marc:subfield code="a">Heroes in literature.</marc:subfield></marc:datafield><marc:datafield tag="650" ind1=" " ind2="0"><marc:subfield code="a">Narration (Rhetoric)</marc:subfield></marc:datafield><marc:datafield tag="650" ind1=" " ind2="7"><marc:subfield code="a">englanninkielinen kirjallisuus</marc:subfield><marc:subfield code="2">yso/fin</marc:subfield><marc:subfield code="0">http://www.yso.fi/onto/yso/p11223</marc:subfield></marc:datafield><marc:datafield tag="650" ind1=" " ind2="7"><marc:subfield code="a">empatia</marc:subfield><marc:subfield code="2">yso/fin</marc:subfield><marc:subfield code="0">http://www.yso.fi/onto/yso/p8625</marc:subfield></marc:datafield><marc:datafield tag="650" ind1=" " ind2="7"><marc:subfield code="a">etiikka</marc:subfield><marc:subfield code="2">yso/fin</marc:subfield><marc:subfield code="0">http://www.yso.fi/onto/yso/p3166</marc:subfield></marc:datafield><marc:datafield tag="650" ind1=" " ind2="7"><marc:subfield code="a">sankarit</marc:subfield><marc:subfield code="2">yso/fin</marc:subfield><marc:subfield code="0">http://www.yso.fi/onto/yso/p1040</marc:subfield></marc:datafield><marc:datafield tag="650" ind1=" " ind2="7"><marc:subfield code="a">kirjallisuudentutkimus</marc:subfield><marc:subfield code="2">yso/fin</marc:subfield><marc:subfield code="0">http://www.yso.fi/onto/yso/p1066</marc:subfield></marc:datafield><marc:datafield tag="650" ind1=" " ind2="7"><marc:subfield code="a">kerronta</marc:subfield><marc:subfield code="2">yso/fin</marc:subfield><marc:subfield code="0">http://www.yso.fi/onto/yso/p6895</marc:subfield></marc:datafield><marc:datafield tag="650" ind1=" " ind2="7"><marc:subfield code="a">engelsk litteratur</marc:subfield><marc:subfield code="2">yso/swe</marc:subfield><marc:subfield code="0">http://www.yso.fi/onto/yso/p11223</marc:subfield></marc:datafield><marc:datafield tag="650" ind1=" " ind2="7"><marc:subfield code="a">empati</marc:subfield><marc:subfield code="2">yso/swe</marc:subfield><marc:subfield code="0">http://www.yso.fi/onto/yso/p8625</marc:subfield></marc:datafield><marc:datafield tag="650" ind1=" " ind2="7"><marc:subfield code="a">etik</marc:subfield><marc:subfield code="2">yso/swe</marc:subfield><marc:subfield code="0">http://www.yso.fi/onto/yso/p3166</marc:subfield></marc:datafield><marc:datafield tag="650" ind1=" " ind2="7"><marc:subfield code="a">hjältar</marc:subfield><marc:subfield code="2">yso/swe</marc:subfield><marc:subfield code="0">http://www.yso.fi/onto/yso/p1040</marc:subfield></marc:datafield><marc:datafield tag="650" ind1=" " ind2="7"><marc:subfield code="a">litteraturvetenskap</marc:subfield><marc:subfield code="2">yso/swe</marc:subfield><marc:subfield code="0">http://www.yso.fi/onto/yso/p1066</marc:subfield></marc:datafield><marc:datafield tag="650" ind1=" " ind2="7"><marc:subfield code="a">berättande</marc:subfield><marc:subfield code="2">yso/swe</marc:subfield><marc:subfield code="0">http://www.yso.fi/onto/yso/p6895</marc:subfield></marc:datafield><marc:datafield tag="651" ind1=" " ind2="7"><marc:subfield code="a">Yhdysvallat</marc:subfield><marc:subfield code="2">yso/fin</marc:subfield><marc:subfield code="0">http://www.yso.fi/onto/yso/p105078</marc:subfield></marc:datafield><marc:datafield tag="651" ind1=" " ind2="7"><marc:subfield code="a">Förenta staterna</marc:subfield><marc:subfield code="2">yso/swe</marc:subfield><marc:subfield code="0">http://www.yso.fi/onto/yso/p105078</marc:subfield></marc:datafield></marc:record>