
<marc:record><marc:leader>03261cgm a22008054i 4500</marc:leader>
<marc:controlfield tag="001">007177289</marc:controlfield>
<marc:controlfield tag="003">FI-MELINDA</marc:controlfield><marc:controlfield tag="005">20210512233846.0</marc:controlfield><marc:controlfield tag="007">vd|cv||||</marc:controlfield><marc:controlfield tag="008">100518r20102009fi ||| d     ||   vleng|c</marc:controlfield><marc:datafield tag="024" ind1="8" ind2=" "><marc:subfield code="a">A1493181</marc:subfield></marc:datafield><marc:datafield tag="024" ind1="3" ind2=" "><marc:subfield code="a">5706137498608</marc:subfield></marc:datafield><marc:datafield tag="024" ind1="3" ind2=" "><marc:subfield code="a">5706137598605</marc:subfield></marc:datafield><marc:datafield tag="024" ind1="3" ind2=" "><marc:subfield code="a">5706141798602</marc:subfield></marc:datafield><marc:datafield tag="028" ind1="4" ind2="1"><marc:subfield code="b">Paramount Home Entertainment (Finland) [jakaja]</marc:subfield><marc:subfield code="a">FNS98606</marc:subfield></marc:datafield><marc:datafield tag="028" ind1="0" ind2="1"><marc:subfield code="b">Paramount Home Entertainment (Finland) [jakaja]</marc:subfield><marc:subfield code="a">9860</marc:subfield></marc:datafield><marc:datafield tag="035" ind1=" " ind2=" "><marc:subfield code="a">(FI-MELINDA)007177289</marc:subfield></marc:datafield><marc:datafield tag="040" ind1=" " ind2=" "><marc:subfield code="b">fin</marc:subfield></marc:datafield><marc:datafield tag="041" ind1="0" ind2=" "><marc:subfield code="a">eng</marc:subfield><marc:subfield code="j">fin</marc:subfield><marc:subfield code="j">swe</marc:subfield><marc:subfield code="j">dan</marc:subfield><marc:subfield code="j">nor</marc:subfield><marc:subfield code="j">ice</marc:subfield></marc:datafield><marc:datafield tag="049" ind1=" " ind2=" "><marc:subfield code="c">K16 ;</marc:subfield><marc:subfield code="d">219699</marc:subfield></marc:datafield><marc:datafield tag="084" ind1=" " ind2=" "><marc:subfield code="a">84.2</marc:subfield><marc:subfield code="2">ykl</marc:subfield></marc:datafield><marc:datafield tag="084" ind1="9" ind2=" "><marc:subfield code="a">Scifi</marc:subfield><marc:subfield code="2">ykl</marc:subfield></marc:datafield><marc:datafield tag="084" ind1=" " ind2=" "><marc:subfield code="a">84.5</marc:subfield><marc:subfield code="2">ykl</marc:subfield></marc:datafield><marc:datafield tag="130" ind1="4" ind2=" "><marc:subfield code="a">The road.</marc:subfield></marc:datafield><marc:datafield tag="245" ind1="1" ind2="0"><marc:subfield code="a">Tie.</marc:subfield></marc:datafield><marc:datafield tag="260" ind1=" " ind2=" "><marc:subfield code="a">[Helsinki] :</marc:subfield><marc:subfield code="b">Paramount Home Entertainment (Finland) [jakaja],</marc:subfield><marc:subfield code="c">[2010]</marc:subfield></marc:datafield><marc:datafield tag="300" ind1=" " ind2=" "><marc:subfield code="a">1 DVD-videolevy (107 min) :</marc:subfield><marc:subfield code="b">värillinen</marc:subfield></marc:datafield><marc:datafield tag="336" ind1=" " ind2=" "><marc:subfield code="a">kaksiulotteinen liikkuva kuva</marc:subfield><marc:subfield code="b">tdi</marc:subfield><marc:subfield code="2">rdacontent</marc:subfield></marc:datafield><marc:datafield tag="337" ind1=" " ind2=" "><marc:subfield code="a">video</marc:subfield><marc:subfield code="b">v</marc:subfield><marc:subfield code="2">rdamedia</marc:subfield></marc:datafield><marc:datafield tag="338" ind1=" " ind2=" "><marc:subfield code="a">videolevy</marc:subfield><marc:subfield code="b">vd</marc:subfield><marc:subfield code="2">rdacarrier</marc:subfield></marc:datafield><marc:datafield tag="500" ind1=" " ind2=" "><marc:subfield code="a">Perustuu Cormac McCarthyn romaaniin.</marc:subfield></marc:datafield><marc:datafield tag="500" ind1=" " ind2=" "><marc:subfield code="a">Alkuperäistuotanto: Dimension Films, 2009.</marc:subfield></marc:datafield><marc:datafield tag="500" ind1=" " ind2=" "><marc:subfield code="a">Lisäpainokset: Uusi p. 2011, Scanbox Vision [jakaja].</marc:subfield></marc:datafield><marc:datafield tag="505" ind1="8" ind2=" "><marc:subfield code="a">Lisämateriaali: poistettuja kohtauksia, ohjaajan kommenttiraita, tuotantodokumentti The making of The road.</marc:subfield></marc:datafield><marc:datafield tag="505" ind1="0" ind2=" "><marc:subfield code="a">Sisältää myös lisämateriaalia.</marc:subfield></marc:datafield><marc:datafield tag="506" ind1="1" ind2=" "><marc:subfield code="a">Kielletty alle 16-vuotiailta.</marc:subfield></marc:datafield><marc:datafield tag="511" ind1="0" ind2=" "><marc:subfield code="a">Ohjaaja: John Hillcoat.</marc:subfield></marc:datafield><marc:datafield tag="534" ind1=" " ind2=" "><marc:subfield code="p">Alun perin julkaistu:</marc:subfield><marc:subfield code="c">Dimension Films : 2929 Productions, 2009.</marc:subfield></marc:datafield><marc:datafield tag="534" ind1=" " ind2=" "><marc:subfield code="p">Alun perin julkaistu:</marc:subfield><marc:subfield code="c">Dimension Films, 2009.</marc:subfield></marc:datafield><marc:datafield tag="546" ind1=" " ind2=" "><marc:subfield code="a">Tekstitys: suomi, ruotsi, norja, tanska, islanti.</marc:subfield></marc:datafield><marc:datafield tag="546" ind1=" " ind2=" "><marc:subfield code="a">Ääniraita: englanti.</marc:subfield></marc:datafield><marc:datafield tag="650" ind1=" " ind2="7"><marc:subfield code="a">elokuvat</marc:subfield><marc:subfield code="z">Yhdysvallat</marc:subfield><marc:subfield code="y">2000-2009</marc:subfield><marc:subfield code="2">kaunokki</marc:subfield></marc:datafield><marc:datafield tag="650" ind1=" " ind2="7"><marc:subfield code="a">filmatisointi</marc:subfield><marc:subfield code="x">romaanit</marc:subfield><marc:subfield code="2">kaunokki</marc:subfield></marc:datafield><marc:datafield tag="650" ind1=" " ind2="7"><marc:subfield code="a">tuhon jälkeinen maailma</marc:subfield><marc:subfield code="2">kaunokki</marc:subfield></marc:datafield><marc:datafield tag="650" ind1=" " ind2="7"><marc:subfield code="a">vanhempi-lapsisuhde</marc:subfield><marc:subfield code="x">isät</marc:subfield><marc:subfield code="x">pojat</marc:subfield><marc:subfield code="2">kaunokki</marc:subfield></marc:datafield><marc:datafield tag="650" ind1=" " ind2="7"><marc:subfield code="a">pako</marc:subfield><marc:subfield code="x">menneisyys</marc:subfield><marc:subfield code="2">kaunokki</marc:subfield></marc:datafield><marc:datafield tag="655" ind1=" " ind2="7"><marc:subfield code="a">dystopiat</marc:subfield><marc:subfield code="2">slm/fin</marc:subfield><marc:subfield code="0">http://urn.fi/URN:NBN:fi:au:slm:s1011</marc:subfield></marc:datafield><marc:datafield tag="655" ind1=" " ind2="7"><marc:subfield code="a">road moviet</marc:subfield><marc:subfield code="2">slm/fin</marc:subfield><marc:subfield code="0">http://urn.fi/URN:NBN:fi:au:slm:s368</marc:subfield></marc:datafield><marc:datafield tag="655" ind1=" " ind2="7"><marc:subfield code="a">tieteiselokuvat</marc:subfield><marc:subfield code="2">slm/fin</marc:subfield><marc:subfield code="0">http://urn.fi/URN:NBN:fi:au:slm:s1066</marc:subfield></marc:datafield><marc:datafield tag="655" ind1=" " ind2="7"><marc:subfield code="a">dystopier</marc:subfield><marc:subfield code="2">slm/swe</marc:subfield><marc:subfield code="0">http://urn.fi/URN:NBN:fi:au:slm:s1011</marc:subfield></marc:datafield><marc:datafield tag="655" ind1=" " ind2="7"><marc:subfield code="a">roadmovies</marc:subfield><marc:subfield code="2">slm/swe</marc:subfield><marc:subfield code="0">http://urn.fi/URN:NBN:fi:au:slm:s368</marc:subfield></marc:datafield><marc:datafield tag="655" ind1=" " ind2="7"><marc:subfield code="a">science fiction-filmer</marc:subfield><marc:subfield code="2">slm/swe</marc:subfield><marc:subfield code="0">http://urn.fi/URN:NBN:fi:au:slm:s1066</marc:subfield></marc:datafield><marc:datafield tag="700" ind1="1" ind2=" "><marc:subfield code="a">Hillcoat, John,</marc:subfield><marc:subfield code="e">ohjaaja.</marc:subfield></marc:datafield><marc:datafield tag="700" ind1="1" ind2=" "><marc:subfield code="a">McCarthy, Cormac.</marc:subfield></marc:datafield><marc:datafield tag="700" ind1="1" ind2=" "><marc:subfield code="a">Penhall, Joe,</marc:subfield><marc:subfield code="e">käsikirjoittaja.</marc:subfield></marc:datafield><marc:datafield tag="700" ind1="1" ind2=" "><marc:subfield code="a">Aguirresarobe, Javier,</marc:subfield><marc:subfield code="e">kuvaaja.</marc:subfield></marc:datafield><marc:datafield tag="700" ind1="1" ind2=" "><marc:subfield code="a">Gregory, Jon,</marc:subfield><marc:subfield code="e">leikkaaja.</marc:subfield></marc:datafield><marc:datafield tag="700" ind1="1" ind2=" "><marc:subfield code="a">Kennedy, Chris,</marc:subfield><marc:subfield code="e">lavastaja.</marc:subfield></marc:datafield><marc:datafield tag="700" ind1="1" ind2=" "><marc:subfield code="a">Cave, Nick,</marc:subfield><marc:subfield code="e">säveltäjä.</marc:subfield></marc:datafield><marc:datafield tag="700" ind1="1" ind2=" "><marc:subfield code="a">Ellis, Warren,</marc:subfield><marc:subfield code="e">säveltäjä.</marc:subfield></marc:datafield><marc:datafield tag="700" ind1="1" ind2=" "><marc:subfield code="a">Mortensen, Viggo,</marc:subfield><marc:subfield code="e">näyttelijä.</marc:subfield></marc:datafield><marc:datafield tag="700" ind1="1" ind2=" "><marc:subfield code="a">Smit-McPhee, Kodi,</marc:subfield><marc:subfield code="e">näyttelijä.</marc:subfield></marc:datafield><marc:datafield tag="700" ind1="1" ind2=" "><marc:subfield code="a">Duvall, Robert,</marc:subfield><marc:subfield code="e">näyttelijä.</marc:subfield></marc:datafield><marc:datafield tag="700" ind1="1" ind2=" "><marc:subfield code="a">Pearce, Guy,</marc:subfield><marc:subfield code="e">näyttelijä.</marc:subfield></marc:datafield><marc:datafield tag="700" ind1="1" ind2=" "><marc:subfield code="a">Parker, Molly,</marc:subfield><marc:subfield code="e">näyttelijä.</marc:subfield></marc:datafield><marc:datafield tag="700" ind1="1" ind2=" "><marc:subfield code="a">Dillahunt, Garret,</marc:subfield><marc:subfield code="e">näyttelijä.</marc:subfield></marc:datafield><marc:datafield tag="700" ind1="1" ind2=" "><marc:subfield code="a">Theron, Charlize,</marc:subfield><marc:subfield code="e">näyttelijä.</marc:subfield></marc:datafield><marc:datafield tag="740" ind1="4" ind2="2"><marc:subfield code="a">The making of The road.</marc:subfield></marc:datafield><marc:datafield tag="856" ind1="4" ind2=" "><marc:subfield code="u">http://seinajoenkirjasto.blogspot.com/2011/01/tammikuun-kirja-ja-elokuvavinkki.html</marc:subfield><marc:subfield code="z">Lue elokuvavinkki</marc:subfield></marc:datafield><marc:datafield tag="908" ind1=" " ind2=" "><marc:subfield code="a">us</marc:subfield></marc:datafield></marc:record>