
<marc:record><marc:leader>00810cam a22002654i 4500</marc:leader>
<marc:controlfield tag="001">009982733</marc:controlfield>
<marc:controlfield tag="003">FI-MELINDA</marc:controlfield><marc:controlfield tag="005">20210130062435.0</marc:controlfield><marc:controlfield tag="008">120315s2010    xx |||||||||| ||| f|rus|c</marc:controlfield><marc:datafield tag="020" ind1=" " ind2=" "><marc:subfield code="a">978-5-9985-0043-5</marc:subfield><marc:subfield code="q">sidottu</marc:subfield></marc:datafield><marc:datafield tag="035" ind1=" " ind2=" "><marc:subfield code="a">(FI-MELINDA)009982733</marc:subfield></marc:datafield><marc:datafield tag="041" ind1="1" ind2=" "><marc:subfield code="a">rus</marc:subfield><marc:subfield code="h">eng</marc:subfield></marc:datafield><marc:datafield tag="084" ind1=" " ind2=" "><marc:subfield code="a">84.71</marc:subfield><marc:subfield code="2">ykl</marc:subfield></marc:datafield><marc:datafield tag="100" ind1="1" ind2=" "><marc:subfield code="a">McCarthy, Cormac.</marc:subfield></marc:datafield><marc:datafield tag="240" ind1="1" ind2="0"><marc:subfield code="a">The road,</marc:subfield><marc:subfield code="l">venäjä</marc:subfield></marc:datafield><marc:datafield tag="245" ind1="1" ind2="0"><marc:subfield code="a">Doroga /</marc:subfield><marc:subfield code="c">Kormak Makkarti ; [perevod s anglijskogo Julii Stepanenko].</marc:subfield></marc:datafield><marc:datafield tag="246" ind1="1" ind2="3"><marc:subfield code="a">Дорога</marc:subfield></marc:datafield><marc:datafield tag="260" ind1=" " ind2=" "><marc:subfield code="a">Sankt-Peterburg :</marc:subfield><marc:subfield code="b">Azbuka-klassika,</marc:subfield><marc:subfield code="c">2010.</marc:subfield></marc:datafield><marc:datafield tag="300" ind1=" " ind2=" "><marc:subfield code="a">222 sivua ;</marc:subfield><marc:subfield code="c">21 cm</marc:subfield></marc:datafield><marc:datafield tag="336" ind1=" " ind2=" "><marc:subfield code="a">teksti</marc:subfield><marc:subfield code="b">txt</marc:subfield><marc:subfield code="2">rdacontent</marc:subfield></marc:datafield><marc:datafield tag="337" ind1=" " ind2=" "><marc:subfield code="a">käytettävissä ilman laitetta</marc:subfield><marc:subfield code="b">n</marc:subfield><marc:subfield code="2">rdamedia</marc:subfield></marc:datafield><marc:datafield tag="338" ind1=" " ind2=" "><marc:subfield code="a">nide</marc:subfield><marc:subfield code="b">nc</marc:subfield><marc:subfield code="2">rdacarrier</marc:subfield></marc:datafield><marc:datafield tag="700" ind1="1" ind2=" "><marc:subfield code="a">Stepanenko, Julija.</marc:subfield></marc:datafield><marc:datafield tag="900" ind1="1" ind2=" "><marc:subfield code="a">Makkarti, Kormak</marc:subfield><marc:subfield code="y">McCarthy, Cormac</marc:subfield></marc:datafield><marc:datafield tag="908" ind1=" " ind2=" "><marc:subfield code="a">fin</marc:subfield></marc:datafield></marc:record>