
<marc:record><marc:leader>01396cab a22003254i 4500</marc:leader>
<marc:controlfield tag="001">013334090</marc:controlfield>
<marc:controlfield tag="003">FI-MELINDA</marc:controlfield><marc:controlfield tag="005">20191217191704.0</marc:controlfield><marc:controlfield tag="007">ta</marc:controlfield><marc:controlfield tag="008">150402s2015    fi || ||  |||||   |0fin|c</marc:controlfield><marc:datafield tag="035" ind1=" " ind2=" "><marc:subfield code="a">(FI-MELINDA)013334090</marc:subfield></marc:datafield><marc:datafield tag="041" ind1="0" ind2=" "><marc:subfield code="a">fin</marc:subfield></marc:datafield><marc:datafield tag="100" ind1="1" ind2=" "><marc:subfield code="a">Neimala, Kaisa.</marc:subfield></marc:datafield><marc:datafield tag="245" ind1="1" ind2="0"><marc:subfield code="a">Tuskan ja kauneuden tasapaino /</marc:subfield><marc:subfield code="c">Kaisa Neimala.</marc:subfield></marc:datafield><marc:datafield tag="336" ind1=" " ind2=" "><marc:subfield code="a">teksti</marc:subfield><marc:subfield code="b">txt</marc:subfield><marc:subfield code="2">rdacontent</marc:subfield></marc:datafield><marc:datafield tag="337" ind1=" " ind2=" "><marc:subfield code="a">käytettävissä ilman laitetta</marc:subfield><marc:subfield code="b">n</marc:subfield><marc:subfield code="2">rdamedia</marc:subfield></marc:datafield><marc:datafield tag="380" ind1=" " ind2=" "><marc:subfield code="a">kirja-arvostelu</marc:subfield></marc:datafield><marc:datafield tag="593" ind1=" " ind2=" "><marc:subfield code="a">jufo:0</marc:subfield><marc:subfield code="5">ARTO</marc:subfield></marc:datafield><marc:datafield tag="598" ind1=" " ind2=" "><marc:subfield code="a">Kitu2015 ; B</marc:subfield><marc:subfield code="5">ARTO</marc:subfield></marc:datafield><marc:datafield tag="600" ind1="1" ind2="4"><marc:subfield code="a">McCarthy, Cormac.</marc:subfield><marc:subfield code="t">Kaikki kauniit hevoset.</marc:subfield></marc:datafield><marc:datafield tag="650" ind1=" " ind2="7"><marc:subfield code="a">romaanit</marc:subfield><marc:subfield code="2">yso/fin</marc:subfield><marc:subfield code="0">http://www.yso.fi/onto/yso/p1896</marc:subfield></marc:datafield><marc:datafield tag="650" ind1=" " ind2="7"><marc:subfield code="a">käännöskirjallisuus</marc:subfield><marc:subfield code="2">yso/fin</marc:subfield><marc:subfield code="0">http://www.yso.fi/onto/yso/p16348</marc:subfield></marc:datafield><marc:datafield tag="650" ind1=" " ind2="7"><marc:subfield code="a">romaner</marc:subfield><marc:subfield code="2">yso/swe</marc:subfield><marc:subfield code="0">http://www.yso.fi/onto/yso/p1896</marc:subfield></marc:datafield><marc:datafield tag="650" ind1=" " ind2="7"><marc:subfield code="a">översättningslitteratur</marc:subfield><marc:subfield code="2">yso/swe</marc:subfield><marc:subfield code="0">http://www.yso.fi/onto/yso/p16348</marc:subfield></marc:datafield><marc:datafield tag="655" ind1=" " ind2="7"><marc:subfield code="a">kirja-arvostelut</marc:subfield><marc:subfield code="2">slm/fin</marc:subfield><marc:subfield code="0">http://urn.fi/URN:NBN:fi:au:slm:s1093</marc:subfield></marc:datafield><marc:datafield tag="655" ind1=" " ind2="7"><marc:subfield code="a">litteraturrecensioner</marc:subfield><marc:subfield code="2">slm/swe</marc:subfield><marc:subfield code="0">http://urn.fi/URN:NBN:fi:au:slm:s1093</marc:subfield></marc:datafield><marc:datafield tag="773" ind1="0" ind2=" "><marc:subfield code="w">(FI-MELINDA)004154452</marc:subfield><marc:subfield code="7">nnas</marc:subfield><marc:subfield code="w">(FI-Arto)1386294</marc:subfield><marc:subfield code="t">Parnasso. -</marc:subfield><marc:subfield code="d">Helsinki : Yhtyneet kuvalehdet. -</marc:subfield><marc:subfield code="x">0031-2320. -</marc:subfield><marc:subfield code="g">65 (2015) : 2, s. 70</marc:subfield></marc:datafield><marc:datafield tag="787" ind1="0" ind2="8"><marc:subfield code="i">Arvosteltu teos:</marc:subfield><marc:subfield code="t">Kaikki kauniit hevoset</marc:subfield><marc:subfield code="a">Cormac McCarthy ; suomentanut Kaijamari Sivill.</marc:subfield><marc:subfield code="d">Helsinki : WSOY, cop. 2014</marc:subfield><marc:subfield code="z">978-951-0-40277-1</marc:subfield></marc:datafield><marc:datafield tag="960" ind1=" " ind2=" "><marc:subfield code="a">ARTO</marc:subfield></marc:datafield><marc:datafield tag="995" ind1=" " ind2=" "><marc:subfield code="a">Kitu</marc:subfield><marc:subfield code="5">ARTO</marc:subfield></marc:datafield></marc:record>