
<marc:record><marc:leader>00966cam a22002893i 4500</marc:leader>
<marc:controlfield tag="001">017435656</marc:controlfield>
<marc:controlfield tag="003">FI-MELINDA</marc:controlfield><marc:controlfield tag="005">20201022122610.0</marc:controlfield><marc:controlfield tag="008">201022s1999    sw |||||||||||000 f|swe|c</marc:controlfield><marc:datafield tag="020" ind1=" " ind2=" "><marc:subfield code="a">91-0-056974-7</marc:subfield><marc:subfield code="q">sidottu</marc:subfield></marc:datafield><marc:datafield tag="035" ind1=" " ind2=" "><marc:subfield code="a">(FI-MELINDA)017435656</marc:subfield></marc:datafield><marc:datafield tag="040" ind1=" " ind2=" "><marc:subfield code="a">NB</marc:subfield><marc:subfield code="b">mul</marc:subfield><marc:subfield code="e">rda</marc:subfield><marc:subfield code="d">FI-X</marc:subfield></marc:datafield><marc:datafield tag="041" ind1="1" ind2=" "><marc:subfield code="a">swe</marc:subfield><marc:subfield code="h">eng</marc:subfield></marc:datafield><marc:datafield tag="082" ind1="0" ind2="4"><marc:subfield code="a">813</marc:subfield><marc:subfield code="2">22 (machine generated)</marc:subfield></marc:datafield><marc:datafield tag="083" ind1="0" ind2=" "><marc:subfield code="a">839.78</marc:subfield><marc:subfield code="2">22 (machine generated)</marc:subfield></marc:datafield><marc:datafield tag="084" ind1=" " ind2=" "><marc:subfield code="a">Heq.01=c</marc:subfield><marc:subfield code="2">kssb/6</marc:subfield></marc:datafield><marc:datafield tag="084" ind1=" " ind2=" "><marc:subfield code="a">Hceeq.01</marc:subfield><marc:subfield code="2">kssb/6</marc:subfield></marc:datafield><marc:datafield tag="084" ind1=" " ind2=" "><marc:subfield code="a">Hcee.01</marc:subfield><marc:subfield code="2">kssb/8</marc:subfield></marc:datafield><marc:datafield tag="100" ind1="1" ind2=" "><marc:subfield code="a">McCarthy, Cormac,</marc:subfield><marc:subfield code="e">kirjoittaja.</marc:subfield></marc:datafield><marc:datafield tag="240" ind1="1" ind2="0"><marc:subfield code="a">Cities of the plain,</marc:subfield><marc:subfield code="l">ruotsi</marc:subfield></marc:datafield><marc:datafield tag="245" ind1="1" ind2="0"><marc:subfield code="a">Städerna på slätten :</marc:subfield><marc:subfield code="b">tredje delen i Gränstrilogin /</marc:subfield><marc:subfield code="c">Cormac McCarthy ; översättning: Caj Lundgren.</marc:subfield></marc:datafield><marc:datafield tag="264" ind1=" " ind2="1"><marc:subfield code="a">Stockholm :</marc:subfield><marc:subfield code="b">Albert Bonniers Förlag,</marc:subfield><marc:subfield code="c">[1999]</marc:subfield></marc:datafield><marc:datafield tag="300" ind1=" " ind2=" "><marc:subfield code="a">298 sivua</marc:subfield></marc:datafield><marc:datafield tag="336" ind1=" " ind2=" "><marc:subfield code="a">teksti</marc:subfield><marc:subfield code="b">txt</marc:subfield><marc:subfield code="2">rdacontent</marc:subfield></marc:datafield><marc:datafield tag="337" ind1=" " ind2=" "><marc:subfield code="a">käytettävissä ilman laitetta</marc:subfield><marc:subfield code="b">n</marc:subfield><marc:subfield code="2">rdamedia</marc:subfield></marc:datafield><marc:datafield tag="338" ind1=" " ind2=" "><marc:subfield code="a">nide</marc:subfield><marc:subfield code="b">nc</marc:subfield><marc:subfield code="2">rdacarrier</marc:subfield></marc:datafield><marc:datafield tag="700" ind1="1" ind2=" "><marc:subfield code="a">Lundgren, Caj,</marc:subfield><marc:subfield code="e">kirjoittaja.</marc:subfield></marc:datafield></marc:record>