
<marc:record><marc:leader>03125cam a22003854i 4500</marc:leader>
<marc:controlfield tag="001">000231084</marc:controlfield>
<marc:controlfield tag="003">FI-MELINDA</marc:controlfield><marc:controlfield tag="005">20201102111334.0</marc:controlfield><marc:controlfield tag="008">010807s2000    xxu|||||||||||000|||eng||</marc:controlfield><marc:datafield tag="020" ind1=" " ind2=" "><marc:subfield code="a">0-520-21324-6</marc:subfield><marc:subfield code="q">inbunden</marc:subfield></marc:datafield><marc:datafield tag="020" ind1=" " ind2=" "><marc:subfield code="a">0-520-22028-5</marc:subfield><marc:subfield code="q">nidottu</marc:subfield></marc:datafield><marc:datafield tag="024" ind1="3" ind2=" "><marc:subfield code="a">9780520220287</marc:subfield></marc:datafield><marc:datafield tag="035" ind1=" " ind2=" "><marc:subfield code="a">(FI-MELINDA)000231084</marc:subfield></marc:datafield><marc:datafield tag="041" ind1="0" ind2=" "><marc:subfield code="a">eng</marc:subfield></marc:datafield><marc:datafield tag="245" ind1="0" ind2="0"><marc:subfield code="a">Religion and popular culture in America /</marc:subfield><marc:subfield code="c">ed. by Bruce David Forbes and Jeffrey H. Mahan.</marc:subfield></marc:datafield><marc:datafield tag="260" ind1=" " ind2=" "><marc:subfield code="a">Berkeley :</marc:subfield><marc:subfield code="b">Univ. of California Press,</marc:subfield><marc:subfield code="c">cop. 2000.</marc:subfield></marc:datafield><marc:datafield tag="300" ind1=" " ind2=" "><marc:subfield code="a">xi, 324 s</marc:subfield></marc:datafield><marc:datafield tag="336" ind1=" " ind2=" "><marc:subfield code="a">teksti</marc:subfield><marc:subfield code="b">txt</marc:subfield><marc:subfield code="2">rdacontent</marc:subfield></marc:datafield><marc:datafield tag="337" ind1=" " ind2=" "><marc:subfield code="a">käytettävissä ilman laitetta</marc:subfield><marc:subfield code="b">n</marc:subfield><marc:subfield code="2">rdamedia</marc:subfield></marc:datafield><marc:datafield tag="338" ind1=" " ind2=" "><marc:subfield code="a">nide</marc:subfield><marc:subfield code="b">nc</marc:subfield><marc:subfield code="2">rdacarrier</marc:subfield></marc:datafield><marc:datafield tag="505" ind1="0" ind2=" "><marc:subfield code="a">Preface -- Introduction: Finding Religion in Unexpected Places / Bruce David Forbes -- Part I. Religion in Popular Culture -- 1. The Oriental Monk in American Popular Culture / Jane Naomi Iwamura -- 2. Consecrating Consumer Culture: Christmas Television Specials / Robert J. Thompson -- 3. From American dream to American horizon: the religious dimension in Louis L'Amour and Cormac McCarthy / Terry C. Muck -- 4. Like a Sermon: Popular Religion in Madonna Videos / Mark D. Hulsether -- Part II. Popular Culture in Religion -- 5. Evangelicals and Popular Music: The Contemporary Christian Music Industry / William D. Romanowski -- 6. The electronic golden calf: transforming ritual and icon / Gregor Goethals -- 7. The Cross at Willow Creek: Seeker Religion and the Contemporary Marketplace / Stewart M. Hoover -- Part III. Popular Culture as Religion -- 8. It's about Faith in our Future: Star Trek Fandom as Cultural Religion / Michael Jindra -- 9. Losing Their Way to Salvation: Women, Weight Loss, and the Salvation Myth of Culture Lite / Michelle M. Lelwica -- 10. An American Apotheosis: Sports as Popular Religion / Joseph L. Price -- 11. The Church of Baseball, the Fetish of Coca-Cola, and the Potlach of Rock 'n' Roll / David Chidester -- Part IV. Religion and Popular Culture in Dialogue -- 12. The Disguise of Vengeance in Pale Rider / Robert Jewett -- 13. Rap Music and Its Message: On Interpreting the Contact between Religion and Popular Culture / Anthony Pinn -- 14. Lost in cyberspace?: Gender, difference, and the Internet 'Utopia' / Meredith Underwood -- Conclusion: Establishing a Dialogue about Relgion and Popular Culture / Jeffrey H. Mahan</marc:subfield></marc:datafield><marc:datafield tag="650" ind1=" " ind2="7"><marc:subfield code="a">kulttuuri</marc:subfield><marc:subfield code="2">yso/fin</marc:subfield><marc:subfield code="0">http://www.yso.fi/onto/yso/p372</marc:subfield></marc:datafield><marc:datafield tag="650" ind1=" " ind2="7"><marc:subfield code="a">uskonto ja uskonnot</marc:subfield><marc:subfield code="2">yso/fin</marc:subfield><marc:subfield code="0">http://www.yso.fi/onto/yso/p2921</marc:subfield></marc:datafield><marc:datafield tag="650" ind1=" " ind2="7"><marc:subfield code="a">kultur</marc:subfield><marc:subfield code="2">yso/swe</marc:subfield><marc:subfield code="0">http://www.yso.fi/onto/yso/p372</marc:subfield></marc:datafield><marc:datafield tag="650" ind1=" " ind2="7"><marc:subfield code="a">religion och religioner</marc:subfield><marc:subfield code="2">yso/swe</marc:subfield><marc:subfield code="0">http://www.yso.fi/onto/yso/p2921</marc:subfield></marc:datafield><marc:datafield tag="650" ind1=" " ind2="7"><marc:subfield code="a">popular culture</marc:subfield><marc:subfield code="x">religious aspects</marc:subfield><marc:subfield code="2">atla</marc:subfield></marc:datafield><marc:datafield tag="650" ind1=" " ind2="7"><marc:subfield code="a">culture and religion</marc:subfield><marc:subfield code="z">United States</marc:subfield><marc:subfield code="2">atla</marc:subfield></marc:datafield><marc:datafield tag="651" ind1=" " ind2="7"><marc:subfield code="a">Yhdysvallat</marc:subfield><marc:subfield code="2">yso/fin</marc:subfield><marc:subfield code="0">http://www.yso.fi/onto/yso/p105078</marc:subfield></marc:datafield><marc:datafield tag="651" ind1=" " ind2="7"><marc:subfield code="a">Förenta staterna</marc:subfield><marc:subfield code="2">yso/swe</marc:subfield><marc:subfield code="0">http://www.yso.fi/onto/yso/p105078</marc:subfield></marc:datafield><marc:datafield tag="653" ind1=" " ind2=" "><marc:subfield code="a">populaarikulttuuri</marc:subfield><marc:subfield code="a">uskonto</marc:subfield></marc:datafield><marc:datafield tag="653" ind1=" " ind2=" "><marc:subfield code="a">televisio</marc:subfield><marc:subfield code="a">uskonto</marc:subfield></marc:datafield><marc:datafield tag="653" ind1=" " ind2=" "><marc:subfield code="a">urheilu</marc:subfield><marc:subfield code="a">uskonto</marc:subfield></marc:datafield><marc:datafield tag="653" ind1=" " ind2=" "><marc:subfield code="a">populaarimusiikki</marc:subfield><marc:subfield code="a">uskonto</marc:subfield></marc:datafield><marc:datafield tag="700" ind1="1" ind2=" "><marc:subfield code="a">Forbes, Bruce David.</marc:subfield></marc:datafield><marc:datafield tag="700" ind1="1" ind2=" "><marc:subfield code="a">Mahan, Jeffrey H.</marc:subfield></marc:datafield></marc:record>