
<marc:record><marc:leader>01280cam a22002534i 4500</marc:leader>
<marc:controlfield tag="001">002488757</marc:controlfield>
<marc:controlfield tag="003">FI-MELINDA</marc:controlfield><marc:controlfield tag="005">20151228080233.0</marc:controlfield><marc:controlfield tag="008">071002s2008    xxu|||||||||||||||||eng||</marc:controlfield><marc:datafield tag="020" ind1=" " ind2=" "><marc:subfield code="a">978-1-932416-89-3</marc:subfield></marc:datafield><marc:datafield tag="020" ind1=" " ind2=" "><marc:subfield code="a">1-932416-89-7</marc:subfield></marc:datafield><marc:datafield tag="035" ind1=" " ind2=" "><marc:subfield code="a">(FI-MELINDA)002488757</marc:subfield></marc:datafield><marc:datafield tag="041" ind1="0" ind2=" "><marc:subfield code="a">eng</marc:subfield></marc:datafield><marc:datafield tag="082" ind1="1" ind2="4"><marc:subfield code="a">801/.95</marc:subfield></marc:datafield><marc:datafield tag="100" ind1="1" ind2=" "><marc:subfield code="a">Chabon, Michael.</marc:subfield></marc:datafield><marc:datafield tag="245" ind1="1" ind2="0"><marc:subfield code="a">Maps and legends :</marc:subfield><marc:subfield code="b">reading and writing along the borderlands /</marc:subfield><marc:subfield code="c">Michael Chabon.</marc:subfield></marc:datafield><marc:datafield tag="260" ind1=" " ind2=" "><marc:subfield code="a">San Francisco, Calif :</marc:subfield><marc:subfield code="b">McSweeney's Books,</marc:subfield><marc:subfield code="c">cop. 2008.</marc:subfield></marc:datafield><marc:datafield tag="300" ind1=" " ind2=" "><marc:subfield code="a">222 s. :</marc:subfield><marc:subfield code="b">kuvitettu ;</marc:subfield><marc:subfield code="c">23 cm</marc:subfield></marc:datafield><marc:datafield tag="336" ind1=" " ind2=" "><marc:subfield code="a">teksti</marc:subfield><marc:subfield code="b">txt</marc:subfield><marc:subfield code="2">rdacontent</marc:subfield></marc:datafield><marc:datafield tag="337" ind1=" " ind2=" "><marc:subfield code="a">käytettävissä ilman laitetta</marc:subfield><marc:subfield code="b">n</marc:subfield><marc:subfield code="2">rdamedia</marc:subfield></marc:datafield><marc:datafield tag="338" ind1=" " ind2=" "><marc:subfield code="a">nide</marc:subfield><marc:subfield code="b">nc</marc:subfield><marc:subfield code="2">rdacarrier</marc:subfield></marc:datafield><marc:datafield tag="505" ind1="0" ind2=" "><marc:subfield code="a">Trickster in a suit of lights: thoughts on the modern short story -- Maps and legends -- Fan fictions: on Sherlock Holmes -- Ragnarok boy -- On daemons &amp; dust -- Kids' stuff -- Killer hook: Howard Chaykin's American Flagg! -- Dark adventure: on Cormac McCarthy's The road -- The Other James -- Landsman of the lost -- Thoughts on the death of Will Eisner -- My back pages -- Diving into the wreck -- Recipe for life -- Imaginary homelands -- Golems I have known, or, Why my elder son's middle name is Napoleon</marc:subfield></marc:datafield><marc:datafield tag="650" ind1=" " ind2="0"><marc:subfield code="a">Reader-response criticism.</marc:subfield></marc:datafield><marc:datafield tag="650" ind1=" " ind2="0"><marc:subfield code="a">Authorship.</marc:subfield></marc:datafield></marc:record>