
<marc:record><marc:leader>04627cam a22004454i 4500</marc:leader>
<marc:controlfield tag="001">002761092</marc:controlfield>
<marc:controlfield tag="003">FI-MELINDA</marc:controlfield><marc:controlfield tag="005">20191021181328.0</marc:controlfield><marc:controlfield tag="008">050124s2005    xxk|||||||||||||1|||eng||</marc:controlfield><marc:datafield tag="020" ind1=" " ind2=" "><marc:subfield code="a">0-85323-736-0</marc:subfield><marc:subfield code="q">cased</marc:subfield></marc:datafield><marc:datafield tag="020" ind1=" " ind2=" "><marc:subfield code="a">0-85323-746-8</marc:subfield><marc:subfield code="q">limp</marc:subfield></marc:datafield><marc:datafield tag="035" ind1=" " ind2=" "><marc:subfield code="a">(FI-MELINDA)002761092</marc:subfield></marc:datafield><marc:datafield tag="041" ind1="0" ind2=" "><marc:subfield code="a">eng</marc:subfield></marc:datafield><marc:datafield tag="080" ind1=" " ind2=" "><marc:subfield code="a">820</marc:subfield><marc:subfield code="x">(73)</marc:subfield><marc:subfield code="x">(=97)</marc:subfield></marc:datafield><marc:datafield tag="080" ind1=" " ind2=" "><marc:subfield code="a">291.13</marc:subfield><marc:subfield code="x">(=97)</marc:subfield></marc:datafield><marc:datafield tag="245" ind1="0" ind2="0"><marc:subfield code="a">American mythologies :</marc:subfield><marc:subfield code="b">essays on contemporary literature /</marc:subfield><marc:subfield code="c">edited by William Blazek and Michael K. Glenday.</marc:subfield></marc:datafield><marc:datafield tag="260" ind1=" " ind2=" "><marc:subfield code="a">Liverpool :</marc:subfield><marc:subfield code="b">Liverpool University Press,</marc:subfield><marc:subfield code="c">2005.</marc:subfield></marc:datafield><marc:datafield tag="300" ind1=" " ind2=" "><marc:subfield code="a">viii, 305 pages ;</marc:subfield><marc:subfield code="c">24 cm</marc:subfield></marc:datafield><marc:datafield tag="336" ind1=" " ind2=" "><marc:subfield code="a">teksti</marc:subfield><marc:subfield code="b">txt</marc:subfield><marc:subfield code="2">rdacontent</marc:subfield></marc:datafield><marc:datafield tag="337" ind1=" " ind2=" "><marc:subfield code="a">käytettävissä ilman laitetta</marc:subfield><marc:subfield code="b">n</marc:subfield><marc:subfield code="2">rdamedia</marc:subfield></marc:datafield><marc:datafield tag="338" ind1=" " ind2=" "><marc:subfield code="a">nide</marc:subfield><marc:subfield code="b">nc</marc:subfield><marc:subfield code="2">rdacarrier</marc:subfield></marc:datafield><marc:datafield tag="505" ind1="0" ind2=" "><marc:subfield code="a">Indians with voices: revisiting Savagism and civilization / Betty Louise Bell -- Wild hope: love, money and mythic identity in the novels of Louise Erdich / William Blazek -- Float like a butterfly, sting like a bee: mythologies of representation in selected writings on boxing by Norman Mailer / Christopher Brookeman -- The secret sharing: myth and memory in the writing of Jayne Anne Phillips / Michael K. Glenday -- The individual's ghost: towards a new mythology of the postmodern / Leslie Heywood -- 'Cheap, on sale, American dream': contemporary Asian American writers' responses to American success mythologies / Phillipa Kafka -- 'No way back forever': American western myth in Cormac McCarthy's Border trilogy / Peter Messent -- Native American visions of apocalypse: prophecy and protest in the fiction of Leslie Marmon Silko and Gerald Vizenor / David Mogen -- The brave new world of computing in post-war American science fiction / David Seed -- Mythologies of 'estactic immersion': America, the poem and ethics of lyric in Jorie Graham and Lisa Jarnot / Nick Selby -- Whose myth is it anyway? Coyote in the poetry of Gary Snyder and Simon J. Ortiz / Mark Shackleton -- Aging, anxious and apocalyptic: baseball's myths for the millennium / Deeanne Westbrook -- Finding a voice, telling a story: constructing communal identity in contemporary American women's writing / Lois Parkinson Zamora</marc:subfield></marc:datafield><marc:datafield tag="505" ind1="0" ind2=" "><marc:subfield code="a">Indians with voices: revisiting Savagism and civilization / Betty Louise Bell -- Wild hope: love, money and mythic identity in the novels of Louise Erdrich / William Blazek -- Float like a butterfly, sting like a bee: mythologies of representation in selected writings on boxing by Norman Mailer / Christopher Brookeman -- The secret sharing: myth and memory in the writing of Jayne Anne Phillips / Michael K. Glenday -- The individual's ghost: towards a new mythology of the postmodern / Leslie Heywood -- 'Cheap, on sale, American dream': contemporary Asian American writers' responses to American success mythologies / Phillipa Kafka -- 'No way back forever': American western myth in Cormac McCarthy's Border trilogy / Peter Messent -- Native American visions of apocalypse: prophecy and protest in the fiction of Leslie Marmon Silko and Gerald Vizenor / David Mogen -- The brave new world of computing in post-war American science fiction / David Seed -- Mythologies of 'estactic immersion': America, the poem and ethics of lyric in Jorie Graham and Lisa Jarnot / Nick Selby -- Whose myth is it anyway? Coyote in the poetry of Gary Snyder and Simon J. Ortiz / Mark Shackleton -- Aging, anxious and apocalyptic: baseball's myths for the millennium / Deeanne Westbrook -- Finding a voice, telling a story: constructing communal identity in contemporary American women's writing / Lois Parkinson Zamora</marc:subfield></marc:datafield><marc:datafield tag="648" ind1=" " ind2="7"><marc:subfield code="a">1900-luku</marc:subfield><marc:subfield code="2">yso/fin</marc:subfield></marc:datafield><marc:datafield tag="650" ind1=" " ind2="0"><marc:subfield code="a">Race in literature.</marc:subfield></marc:datafield><marc:datafield tag="650" ind1=" " ind2="0"><marc:subfield code="a">American literature</marc:subfield><marc:subfield code="x">History and criticism</marc:subfield><marc:subfield code="y">20th century.</marc:subfield></marc:datafield><marc:datafield tag="650" ind1=" " ind2="0"><marc:subfield code="a">American literature</marc:subfield><marc:subfield code="x">Indian authors.</marc:subfield></marc:datafield><marc:datafield tag="650" ind1=" " ind2="0"><marc:subfield code="a">Indian mythology in literature.</marc:subfield></marc:datafield><marc:datafield tag="650" ind1=" " ind2="7"><marc:subfield code="a">englanninkielinen kirjallisuus</marc:subfield><marc:subfield code="2">yso/fin</marc:subfield><marc:subfield code="0">http://www.yso.fi/onto/yso/p11223</marc:subfield></marc:datafield><marc:datafield tag="650" ind1=" " ind2="7"><marc:subfield code="a">kirjallisuudentutkimus</marc:subfield><marc:subfield code="2">yso/fin</marc:subfield><marc:subfield code="0">http://www.yso.fi/onto/yso/p1066</marc:subfield></marc:datafield><marc:datafield tag="650" ind1=" " ind2="7"><marc:subfield code="a">intiaanit</marc:subfield><marc:subfield code="2">yso/fin</marc:subfield><marc:subfield code="0">http://www.yso.fi/onto/yso/p646</marc:subfield></marc:datafield><marc:datafield tag="650" ind1=" " ind2="7"><marc:subfield code="a">mytologia</marc:subfield><marc:subfield code="2">yso/fin</marc:subfield><marc:subfield code="0">http://www.yso.fi/onto/yso/p7687</marc:subfield></marc:datafield><marc:datafield tag="650" ind1=" " ind2="7"><marc:subfield code="a">engelsk litteratur</marc:subfield><marc:subfield code="2">yso/swe</marc:subfield><marc:subfield code="0">http://www.yso.fi/onto/yso/p11223</marc:subfield></marc:datafield><marc:datafield tag="650" ind1=" " ind2="7"><marc:subfield code="a">litteraturvetenskap</marc:subfield><marc:subfield code="2">yso/swe</marc:subfield><marc:subfield code="0">http://www.yso.fi/onto/yso/p1066</marc:subfield></marc:datafield><marc:datafield tag="650" ind1=" " ind2="7"><marc:subfield code="a">indianer</marc:subfield><marc:subfield code="2">yso/swe</marc:subfield><marc:subfield code="0">http://www.yso.fi/onto/yso/p646</marc:subfield></marc:datafield><marc:datafield tag="650" ind1=" " ind2="7"><marc:subfield code="a">mytologi</marc:subfield><marc:subfield code="2">yso/swe</marc:subfield><marc:subfield code="0">http://www.yso.fi/onto/yso/p7687</marc:subfield></marc:datafield><marc:datafield tag="651" ind1=" " ind2="7"><marc:subfield code="a">Yhdysvallat</marc:subfield><marc:subfield code="2">yso/fin</marc:subfield><marc:subfield code="0">http://www.yso.fi/onto/yso/p105078</marc:subfield></marc:datafield><marc:datafield tag="651" ind1=" " ind2="7"><marc:subfield code="a">Förenta staterna</marc:subfield><marc:subfield code="2">yso/swe</marc:subfield><marc:subfield code="0">http://www.yso.fi/onto/yso/p105078</marc:subfield></marc:datafield><marc:datafield tag="700" ind1="1" ind2=" "><marc:subfield code="a">Blazek, William.</marc:subfield></marc:datafield><marc:datafield tag="700" ind1="1" ind2=" "><marc:subfield code="a">Glenday, Michael K.</marc:subfield></marc:datafield></marc:record>