
<marc:record><marc:leader>02577cam a22004694i 4500</marc:leader>
<marc:controlfield tag="001">005807939</marc:controlfield>
<marc:controlfield tag="003">FI-MELINDA</marc:controlfield><marc:controlfield tag="005">20190704021847.0</marc:controlfield><marc:controlfield tag="008">101201s2009    xxu      b    001 0 eng c</marc:controlfield><marc:datafield tag="020" ind1=" " ind2=" "><marc:subfield code="a">0-230-61656-9</marc:subfield></marc:datafield><marc:datafield tag="020" ind1=" " ind2=" "><marc:subfield code="a">978-0-230-61656-1</marc:subfield><marc:subfield code="q">sidottu</marc:subfield></marc:datafield><marc:datafield tag="035" ind1=" " ind2=" "><marc:subfield code="a">(FI-MELINDA)005807939</marc:subfield></marc:datafield><marc:datafield tag="041" ind1="0" ind2=" "><marc:subfield code="a">eng</marc:subfield></marc:datafield><marc:datafield tag="100" ind1="1" ind2=" "><marc:subfield code="a">Bourassa, Alan.</marc:subfield></marc:datafield><marc:datafield tag="245" ind1="1" ind2="0"><marc:subfield code="a">Deleuze and American literature :</marc:subfield><marc:subfield code="b">affect and virtuality in Faulkner, Wharton, Ellison, and McCarthy /</marc:subfield><marc:subfield code="c">Alan Bourassa.</marc:subfield></marc:datafield><marc:datafield tag="260" ind1=" " ind2=" "><marc:subfield code="a">New York :</marc:subfield><marc:subfield code="b">Palgrave Macmillan,</marc:subfield><marc:subfield code="c">2009.</marc:subfield></marc:datafield><marc:datafield tag="300" ind1=" " ind2=" "><marc:subfield code="a">ix, 210 pages ;</marc:subfield><marc:subfield code="c">22 cm</marc:subfield></marc:datafield><marc:datafield tag="336" ind1=" " ind2=" "><marc:subfield code="a">teksti</marc:subfield><marc:subfield code="b">txt</marc:subfield><marc:subfield code="2">rdacontent</marc:subfield></marc:datafield><marc:datafield tag="337" ind1=" " ind2=" "><marc:subfield code="a">käytettävissä ilman laitetta</marc:subfield><marc:subfield code="b">n</marc:subfield><marc:subfield code="2">rdamedia</marc:subfield></marc:datafield><marc:datafield tag="338" ind1=" " ind2=" "><marc:subfield code="a">nide</marc:subfield><marc:subfield code="b">nc</marc:subfield><marc:subfield code="2">rdacarrier</marc:subfield></marc:datafield><marc:datafield tag="505" ind1="0" ind2=" "><marc:subfield code="a">Literature, character and the human -- Wharton's aesthetics and the ethics of affect -- Invisible man: affect, history, race -- Cormac McCarthy and the event of the human -- The moral singularity: Hardy's Tess of the D'urbervilles and McCarthy's Blood meridian -- Absalom, absalom! time and the virtual -- Riders of the virtual sage: Zane Grey, Cormac McCarthy and the transformation of the popular Western -- Conclusion: the ethic of the nonhuman.</marc:subfield></marc:datafield><marc:datafield tag="520" ind1="0" ind2=" "><marc:subfield code="a">Bourassa demonstrates what happens when the set of concepts developed by Deleuze come into contact with the complex and philosophically problematic worlds of William Faulkner, Cormac McCarthy, Edith Wharton and Ralph Ellison.</marc:subfield></marc:datafield><marc:datafield tag="600" ind1="1" ind2="4"><marc:subfield code="a">Deleuze, Gilles.</marc:subfield></marc:datafield><marc:datafield tag="600" ind1="1" ind2="4"><marc:subfield code="a">Faulkner, William.</marc:subfield></marc:datafield><marc:datafield tag="600" ind1="1" ind2="4"><marc:subfield code="a">Wharton, Edith.</marc:subfield></marc:datafield><marc:datafield tag="600" ind1="1" ind2="4"><marc:subfield code="a">Ellison, Ralph.</marc:subfield></marc:datafield><marc:datafield tag="600" ind1="1" ind2="4"><marc:subfield code="a">McCarthy, Cormac.</marc:subfield></marc:datafield><marc:datafield tag="648" ind1=" " ind2="7"><marc:subfield code="a">1900-luku</marc:subfield><marc:subfield code="2">yso/fin</marc:subfield></marc:datafield><marc:datafield tag="650" ind1=" " ind2="0"><marc:subfield code="a">Humanity in literature.</marc:subfield></marc:datafield><marc:datafield tag="650" ind1=" " ind2="0"><marc:subfield code="a">Characters and characteristics in literature.</marc:subfield></marc:datafield><marc:datafield tag="650" ind1=" " ind2="0"><marc:subfield code="a">American fiction</marc:subfield><marc:subfield code="y">20th century</marc:subfield><marc:subfield code="x">History and criticism.</marc:subfield></marc:datafield><marc:datafield tag="650" ind1=" " ind2="0"><marc:subfield code="a">Human beings in literature.</marc:subfield></marc:datafield><marc:datafield tag="650" ind1=" " ind2="7"><marc:subfield code="a">ihmisyys</marc:subfield><marc:subfield code="2">yso/fin</marc:subfield><marc:subfield code="0">http://www.yso.fi/onto/yso/p14396</marc:subfield></marc:datafield><marc:datafield tag="650" ind1=" " ind2="7"><marc:subfield code="a">fiktiiviset henkilöt</marc:subfield><marc:subfield code="2">yso/fin</marc:subfield><marc:subfield code="0">http://www.yso.fi/onto/yso/p1273</marc:subfield></marc:datafield><marc:datafield tag="650" ind1=" " ind2="7"><marc:subfield code="a">kaunokirjallisuus</marc:subfield><marc:subfield code="2">yso/fin</marc:subfield><marc:subfield code="0">http://www.yso.fi/onto/yso/p4</marc:subfield></marc:datafield><marc:datafield tag="650" ind1=" " ind2="7"><marc:subfield code="a">kirjallisuudentutkimus</marc:subfield><marc:subfield code="2">yso/fin</marc:subfield><marc:subfield code="0">http://www.yso.fi/onto/yso/p1066</marc:subfield></marc:datafield><marc:datafield tag="650" ind1=" " ind2="7"><marc:subfield code="a">mänsklighet (egenskap)</marc:subfield><marc:subfield code="2">yso/swe</marc:subfield><marc:subfield code="0">http://www.yso.fi/onto/yso/p14396</marc:subfield></marc:datafield><marc:datafield tag="650" ind1=" " ind2="7"><marc:subfield code="a">fiktiva personer</marc:subfield><marc:subfield code="2">yso/swe</marc:subfield><marc:subfield code="0">http://www.yso.fi/onto/yso/p1273</marc:subfield></marc:datafield><marc:datafield tag="650" ind1=" " ind2="7"><marc:subfield code="a">skönlitteratur</marc:subfield><marc:subfield code="2">yso/swe</marc:subfield><marc:subfield code="0">http://www.yso.fi/onto/yso/p4</marc:subfield></marc:datafield><marc:datafield tag="650" ind1=" " ind2="7"><marc:subfield code="a">litteraturvetenskap</marc:subfield><marc:subfield code="2">yso/swe</marc:subfield><marc:subfield code="0">http://www.yso.fi/onto/yso/p1066</marc:subfield></marc:datafield><marc:datafield tag="651" ind1=" " ind2="7"><marc:subfield code="a">Yhdysvallat</marc:subfield><marc:subfield code="2">yso/fin</marc:subfield><marc:subfield code="0">http://www.yso.fi/onto/yso/p105078</marc:subfield></marc:datafield><marc:datafield tag="651" ind1=" " ind2="7"><marc:subfield code="a">Förenta staterna</marc:subfield><marc:subfield code="2">yso/swe</marc:subfield><marc:subfield code="0">http://www.yso.fi/onto/yso/p105078</marc:subfield></marc:datafield></marc:record>