
<marc:record><marc:leader>04435cam a22005294i 4500</marc:leader>
<marc:controlfield tag="001">005900932</marc:controlfield>
<marc:controlfield tag="003">FI-MELINDA</marc:controlfield><marc:controlfield tag="005">20191112131108.0</marc:controlfield><marc:controlfield tag="008">110421s2010    it abfj  b    100 0 ita d</marc:controlfield><marc:datafield tag="020" ind1=" " ind2=" "><marc:subfield code="a">978-88-7988-234-7</marc:subfield></marc:datafield><marc:datafield tag="020" ind1=" " ind2=" "><marc:subfield code="a">88-7988-234-1</marc:subfield></marc:datafield><marc:datafield tag="035" ind1=" " ind2=" "><marc:subfield code="a">(FI-MELINDA)005900932</marc:subfield></marc:datafield><marc:datafield tag="041" ind1="0" ind2=" "><marc:subfield code="a">ita</marc:subfield><marc:subfield code="a">eng</marc:subfield><marc:subfield code="a">fre</marc:subfield></marc:datafield><marc:datafield tag="072" ind1=" " ind2="7"><marc:subfield code="a">52</marc:subfield><marc:subfield code="2">kkaa</marc:subfield></marc:datafield><marc:datafield tag="082" ind1="1" ind2="4"><marc:subfield code="a">941</marc:subfield><marc:subfield code="2">21</marc:subfield></marc:datafield><marc:datafield tag="245" ind1="0" ind2="2"><marc:subfield code="a">L'Irlanda e gli Irlandesi nell'alto medioevo :</marc:subfield><marc:subfield code="b">Spoleto, 16-21 aprile 2009 /</marc:subfield><marc:subfield code="c">[Fondazione Centro italiano di studi sull'alto Medioevo].</marc:subfield></marc:datafield><marc:datafield tag="260" ind1=" " ind2=" "><marc:subfield code="a">Spoleto :</marc:subfield><marc:subfield code="b">Presso la sede della Fondazione,</marc:subfield><marc:subfield code="c">2010.</marc:subfield></marc:datafield><marc:datafield tag="300" ind1=" " ind2=" "><marc:subfield code="a">xiv, 770 s., [56] kuvasivua :</marc:subfield><marc:subfield code="b">kuvitettu, karttoja ;</marc:subfield><marc:subfield code="c">25 cm</marc:subfield></marc:datafield><marc:datafield tag="336" ind1=" " ind2=" "><marc:subfield code="a">teksti</marc:subfield><marc:subfield code="b">txt</marc:subfield><marc:subfield code="2">rdacontent</marc:subfield></marc:datafield><marc:datafield tag="337" ind1=" " ind2=" "><marc:subfield code="a">käytettävissä ilman laitetta</marc:subfield><marc:subfield code="b">n</marc:subfield><marc:subfield code="2">rdamedia</marc:subfield></marc:datafield><marc:datafield tag="338" ind1=" " ind2=" "><marc:subfield code="a">nide</marc:subfield><marc:subfield code="b">nc</marc:subfield><marc:subfield code="2">rdacarrier</marc:subfield></marc:datafield><marc:datafield tag="490" ind1="1" ind2=" "><marc:subfield code="a">Settimane di studio della Fondazione Centro italiano di studi sull'alto Medioevo,</marc:subfield><marc:subfield code="x">0528-5666 ;</marc:subfield><marc:subfield code="v">57</marc:subfield></marc:datafield><marc:datafield tag="500" ind1=" " ind2=" "><marc:subfield code="a">Conference proceedings</marc:subfield></marc:datafield><marc:datafield tag="504" ind1=" " ind2=" "><marc:subfield code="a">Includes bibliographical references</marc:subfield></marc:datafield><marc:datafield tag="505" ind1="0" ind2=" "><marc:subfield code="a">L'Irlanda e gli irlandesi nell'alto medioevo / M. Lapidge -- Les racines celtiques de l'Irlande / V. Kruta -- La transcription médiévale des mythes préchrétiens de l'Irlande / P. Walter -- Society and politics in pre-Norman Ireland / T. Charles-Edwards -- The relative importance of cereals and livestock in the Medieval Irish economy : the evidence of the law-texts / F. Kelly -- Economic change : the case for growth / W. Davies -- Kingship in Early Irish literature / T. O'Cathasaigh -- The role of the church in Irish regnal succession / I. Warntjes -- Law and literature in Mediaeval Ireland / L. Breatnach -- Hagiography and holy bodies : observations on corporeal relics in pre-Viking Ireland / M. Herbert -- The Church and secular society / D. O'Corráin -- Bishops, church and people : how Christian was &quot;Early Christian Ireland&quot;? / C. Etchingham -- The nature and scope of the Early Irish liturgy / Y. Hen -- A rare aspect of early Irish monasticism : the martyrdom of Donnán / P. Ní Chatháin.</marc:subfield></marc:datafield><marc:datafield tag="505" ind1="0" ind2=" "><marc:subfield code="a">La trasmissione e rielaborazione dell'esegesi patristica nella letteratura ibernica delle origini / L. Castaldi -- Il mito dell'Irlanda nella cultura carolingia / F. Stella -- The Irish foundations and the Carolingian world / S. Meeder -- Iona and Reicheau in the ninth century / M. Richter -- The study of Greek in Ireland in the Early Middle Ages / M. Herren -- The beginnings of Irish vernacular literary tradition / M. Ní Dhonnchadha -- The Irish Annals : their origin and evolution, V to XI sec. / D. McCarthy -- From Columba to Cormac : the contribution of Irish scribes to the insular system of scripts / M.P. Brown -- The image of orthodoxy, the mysterium Christi and Insular Gospel books / J. O'Reilly -- Visual theology within a liturgical context : the visual programmes of the Irish high crosses / E. O'Carragáin. -- L'Irlanda e l'arte carolingia / F. Crivello.</marc:subfield></marc:datafield><marc:datafield tag="546" ind1=" " ind2=" "><marc:subfield code="a">Nineteen contributions in English, 3 in Italian, and 3 in French</marc:subfield></marc:datafield><marc:datafield tag="648" ind1=" " ind2="7"><marc:subfield code="a">500-1200-luku</marc:subfield><marc:subfield code="2">yso/fin</marc:subfield></marc:datafield><marc:datafield tag="650" ind1=" " ind2="0"><marc:subfield code="a">Transmission of texts</marc:subfield><marc:subfield code="z">Ireland</marc:subfield><marc:subfield code="x">History</marc:subfield><marc:subfield code="y">To 1500</marc:subfield><marc:subfield code="v">Congresses.</marc:subfield></marc:datafield><marc:datafield tag="650" ind1=" " ind2="7"><marc:subfield code="a">kirkkohistoria</marc:subfield><marc:subfield code="2">yso/fin</marc:subfield><marc:subfield code="0">http://www.yso.fi/onto/yso/p19610</marc:subfield></marc:datafield><marc:datafield tag="650" ind1=" " ind2="7"><marc:subfield code="a">keskiaika</marc:subfield><marc:subfield code="2">yso/fin</marc:subfield><marc:subfield code="0">http://www.yso.fi/onto/yso/p2559</marc:subfield></marc:datafield><marc:datafield tag="650" ind1=" " ind2="7"><marc:subfield code="a">tekstintutkimus</marc:subfield><marc:subfield code="2">yso/fin</marc:subfield><marc:subfield code="0">http://www.yso.fi/onto/yso/p13523</marc:subfield></marc:datafield><marc:datafield tag="650" ind1=" " ind2="7"><marc:subfield code="a">käsikirjoitukset</marc:subfield><marc:subfield code="2">yso/fin</marc:subfield><marc:subfield code="0">http://www.yso.fi/onto/yso/p11009</marc:subfield></marc:datafield><marc:datafield tag="650" ind1=" " ind2="7"><marc:subfield code="a">kirjallisuudenhistoria</marc:subfield><marc:subfield code="2">yso/fin</marc:subfield><marc:subfield code="0">http://www.yso.fi/onto/yso/p17103</marc:subfield></marc:datafield><marc:datafield tag="650" ind1=" " ind2="7"><marc:subfield code="a">historia</marc:subfield><marc:subfield code="2">yso/fin</marc:subfield><marc:subfield code="0">http://www.yso.fi/onto/yso/p1780</marc:subfield></marc:datafield><marc:datafield tag="650" ind1=" " ind2="7"><marc:subfield code="a">kyrkohistoria</marc:subfield><marc:subfield code="2">yso/swe</marc:subfield><marc:subfield code="0">http://www.yso.fi/onto/yso/p19610</marc:subfield></marc:datafield><marc:datafield tag="650" ind1=" " ind2="7"><marc:subfield code="a">medeltiden</marc:subfield><marc:subfield code="2">yso/swe</marc:subfield><marc:subfield code="0">http://www.yso.fi/onto/yso/p2559</marc:subfield></marc:datafield><marc:datafield tag="650" ind1=" " ind2="7"><marc:subfield code="a">textforskning</marc:subfield><marc:subfield code="2">yso/swe</marc:subfield><marc:subfield code="0">http://www.yso.fi/onto/yso/p13523</marc:subfield></marc:datafield><marc:datafield tag="650" ind1=" " ind2="7"><marc:subfield code="a">handskrifter och manuskript</marc:subfield><marc:subfield code="2">yso/swe</marc:subfield><marc:subfield code="0">http://www.yso.fi/onto/yso/p11009</marc:subfield></marc:datafield><marc:datafield tag="650" ind1=" " ind2="7"><marc:subfield code="a">litteraturhistoria</marc:subfield><marc:subfield code="2">yso/swe</marc:subfield><marc:subfield code="0">http://www.yso.fi/onto/yso/p17103</marc:subfield></marc:datafield><marc:datafield tag="650" ind1=" " ind2="7"><marc:subfield code="a">historia</marc:subfield><marc:subfield code="2">yso/swe</marc:subfield><marc:subfield code="0">http://www.yso.fi/onto/yso/p1780</marc:subfield></marc:datafield><marc:datafield tag="651" ind1=" " ind2="0"><marc:subfield code="a">Ireland.</marc:subfield><marc:subfield code="x">History.</marc:subfield><marc:subfield code="y">To 1172</marc:subfield><marc:subfield code="v">Congresses.</marc:subfield></marc:datafield><marc:datafield tag="651" ind1=" " ind2="0"><marc:subfield code="a">Ireland.</marc:subfield><marc:subfield code="x">Church history.</marc:subfield><marc:subfield code="y">600-1500</marc:subfield><marc:subfield code="v">Congresses.</marc:subfield></marc:datafield><marc:datafield tag="651" ind1=" " ind2="7"><marc:subfield code="a">Irlanti</marc:subfield><marc:subfield code="2">yso/fin</marc:subfield><marc:subfield code="0">http://www.yso.fi/onto/yso/p105195</marc:subfield></marc:datafield><marc:datafield tag="651" ind1=" " ind2="7"><marc:subfield code="a">Irland</marc:subfield><marc:subfield code="2">yso/swe</marc:subfield><marc:subfield code="0">http://www.yso.fi/onto/yso/p105195</marc:subfield></marc:datafield><marc:datafield tag="710" ind1="2" ind2=" "><marc:subfield code="a">Fondazione Centro italiano di studi sull'alto Medioevo</marc:subfield></marc:datafield><marc:datafield tag="830" ind1=" " ind2="0"><marc:subfield code="a">Settimane di studio del Centro italiano di studi sull'alto Medioevo,</marc:subfield><marc:subfield code="x">0528-5666 ;</marc:subfield><marc:subfield code="v">57.</marc:subfield></marc:datafield></marc:record>