
<marc:record><marc:leader>01618cam a22003014i 4500</marc:leader>
<marc:controlfield tag="001">005930074</marc:controlfield>
<marc:controlfield tag="003">FI-MELINDA</marc:controlfield><marc:controlfield tag="005">20160103155222.0</marc:controlfield><marc:controlfield tag="008">110823s2010    xxu      b    001 0 eng  </marc:controlfield><marc:datafield tag="020" ind1=" " ind2=" "><marc:subfield code="a">978-0-7864-4310-9</marc:subfield><marc:subfield code="q">paperback : alkaline paper</marc:subfield></marc:datafield><marc:datafield tag="020" ind1=" " ind2=" "><marc:subfield code="a">0-7864-4310-3</marc:subfield></marc:datafield><marc:datafield tag="035" ind1=" " ind2=" "><marc:subfield code="a">(FI-MELINDA)005930074</marc:subfield></marc:datafield><marc:datafield tag="041" ind1="0" ind2=" "><marc:subfield code="a">eng</marc:subfield></marc:datafield><marc:datafield tag="050" ind1="0" ind2="0"><marc:subfield code="a">PS3563.C337</marc:subfield><marc:subfield code="b">Z68 2010</marc:subfield></marc:datafield><marc:datafield tag="082" ind1="0" ind2="0"><marc:subfield code="a">813/.54</marc:subfield><marc:subfield code="2">22</marc:subfield></marc:datafield><marc:datafield tag="100" ind1="1" ind2=" "><marc:subfield code="a">Hage, Erik.</marc:subfield></marc:datafield><marc:datafield tag="245" ind1="1" ind2="0"><marc:subfield code="a">Cormac McCarthy :</marc:subfield><marc:subfield code="b">a literary companion /</marc:subfield><marc:subfield code="c">Erik Hage.</marc:subfield></marc:datafield><marc:datafield tag="260" ind1=" " ind2=" "><marc:subfield code="a">Jefferson, N.C. :</marc:subfield><marc:subfield code="b">McFarland &amp; Co., Publishers,</marc:subfield><marc:subfield code="c">cop. 2010.</marc:subfield></marc:datafield><marc:datafield tag="300" ind1=" " ind2=" "><marc:subfield code="a">vii, 192 pages ;</marc:subfield><marc:subfield code="c">26 cm</marc:subfield></marc:datafield><marc:datafield tag="336" ind1=" " ind2=" "><marc:subfield code="a">teksti</marc:subfield><marc:subfield code="b">txt</marc:subfield><marc:subfield code="2">rdacontent</marc:subfield></marc:datafield><marc:datafield tag="337" ind1=" " ind2=" "><marc:subfield code="a">käytettävissä ilman laitetta</marc:subfield><marc:subfield code="b">n</marc:subfield><marc:subfield code="2">rdamedia</marc:subfield></marc:datafield><marc:datafield tag="338" ind1=" " ind2=" "><marc:subfield code="a">nide</marc:subfield><marc:subfield code="b">nc</marc:subfield><marc:subfield code="2">rdacarrier</marc:subfield></marc:datafield><marc:datafield tag="490" ind1="1" ind2=" "><marc:subfield code="a">McFarland literary companions ;</marc:subfield><marc:subfield code="v">9</marc:subfield></marc:datafield><marc:datafield tag="504" ind1=" " ind2=" "><marc:subfield code="a">Includes bibliographical references and index.</marc:subfield></marc:datafield><marc:datafield tag="505" ind1="0" ind2=" "><marc:subfield code="a">Introduction -- A brief biography -- Cormac McCarthy: a literary companion -- Appendix A: chronology of the borderlands works -- Appendix B: topics for discussion, research, and study -- Bibliography -- Index.</marc:subfield></marc:datafield><marc:datafield tag="520" ind1=" " ind2=" "><marc:subfield code="a">&quot;Intended for both the scholar and lay reader of McCarthy's works. Entries analyze novels, characters, motifs, allusions, plays, and themes, events, people and places related to McCarthy scholarship. Most entries include a selected bibliography for further reading. A biographical introduction provides information on the life of this reclusive author, and discussion topics are provided for instructors&quot;--Provided by publisher.</marc:subfield></marc:datafield><marc:datafield tag="600" ind1="1" ind2="4"><marc:subfield code="a">McCarthy, Cormac.</marc:subfield><marc:subfield code="v">Handbooks, manuals, etc.</marc:subfield></marc:datafield><marc:datafield tag="830" ind1=" " ind2="0"><marc:subfield code="a">McFarland literary companions ;</marc:subfield><marc:subfield code="v">9.</marc:subfield></marc:datafield></marc:record>