
<marc:record><marc:leader>02654cam a22003614i 4500</marc:leader>
<marc:controlfield tag="001">006182671</marc:controlfield>
<marc:controlfield tag="003">FI-MELINDA</marc:controlfield><marc:controlfield tag="005">20191112120643.0</marc:controlfield><marc:controlfield tag="008">130412s2012    xxu|||||||||||||| e|eng||</marc:controlfield><marc:datafield tag="020" ind1=" " ind2=" "><marc:subfield code="a">9780374159566</marc:subfield><marc:subfield code="q">sidottu</marc:subfield></marc:datafield><marc:datafield tag="020" ind1=" " ind2=" "><marc:subfield code="a">0374159564</marc:subfield><marc:subfield code="q">sidottu</marc:subfield></marc:datafield><marc:datafield tag="035" ind1=" " ind2=" "><marc:subfield code="a">(FI-MELINDA)006182671</marc:subfield></marc:datafield><marc:datafield tag="041" ind1="0" ind2=" "><marc:subfield code="a">eng</marc:subfield></marc:datafield><marc:datafield tag="082" ind1="0" ind2="0"><marc:subfield code="a">824/.92</marc:subfield><marc:subfield code="2">23</marc:subfield></marc:datafield><marc:datafield tag="100" ind1="1" ind2=" "><marc:subfield code="a">Wood, James.</marc:subfield></marc:datafield><marc:datafield tag="245" ind1="1" ind2="4"><marc:subfield code="a">The fun stuff, and other essays /</marc:subfield><marc:subfield code="c">James Wood.</marc:subfield></marc:datafield><marc:datafield tag="260" ind1=" " ind2=" "><marc:subfield code="a">New York :</marc:subfield><marc:subfield code="b">Farrar, Straus and Giroux,</marc:subfield><marc:subfield code="c">2012.</marc:subfield></marc:datafield><marc:datafield tag="300" ind1=" " ind2=" "><marc:subfield code="a">viii, 339 sivua ;</marc:subfield><marc:subfield code="c">22 cm</marc:subfield></marc:datafield><marc:datafield tag="336" ind1=" " ind2=" "><marc:subfield code="a">teksti</marc:subfield><marc:subfield code="b">txt</marc:subfield><marc:subfield code="2">rdacontent</marc:subfield></marc:datafield><marc:datafield tag="337" ind1=" " ind2=" "><marc:subfield code="a">käytettävissä ilman laitetta</marc:subfield><marc:subfield code="b">n</marc:subfield><marc:subfield code="2">rdamedia</marc:subfield></marc:datafield><marc:datafield tag="338" ind1=" " ind2=" "><marc:subfield code="a">nide</marc:subfield><marc:subfield code="b">nc</marc:subfield><marc:subfield code="2">rdacarrier</marc:subfield></marc:datafield><marc:datafield tag="505" ind1="0" ind2="0"><marc:subfield code="t">The fun stuff : homage to Keith Moon --</marc:subfield><marc:subfield code="t">W. G. Sebald's Austerlitz --</marc:subfield><marc:subfield code="t">Kazuo Ishiguro's Never let me go --</marc:subfield><marc:subfield code="t">Thinking: Norman Rush --</marc:subfield><marc:subfield code="t">Cormac McCarthy's The road --</marc:subfield><marc:subfield code="t">Edmund Wilson --</marc:subfield><marc:subfield code="t">Aleksandar Hemon --</marc:subfield><marc:subfield code="t">Beyond a boundary: Netherland as a postcolonial novel -- Wounder and wounded --</marc:subfield><marc:subfield code="t">Robert Alter and the King James Bible --</marc:subfield><marc:subfield code="t">Tolstoy's War and peace --</marc:subfield><marc:subfield code="t">Marilynne Robinson --</marc:subfield><marc:subfield code="t">Lydia Davis --</marc:subfield><marc:subfield code="t">Containment: trauma and manipulation in Ian McEwan --</marc:subfield><marc:subfield code="t">Richard Yates --</marc:subfield><marc:subfield code="t">George Orwell's very English revolution --</marc:subfield><marc:subfield code="t">Unfathomable!: (Mikhail Lermantov) --</marc:subfield><marc:subfield code="t">Thomas Hardy --</marc:subfield><marc:subfield code="t">Geoff Dyer --</marc:subfield><marc:subfield code="t">Paul Auster's shallowness --</marc:subfield><marc:subfield code="t">Reality examined to the point of madness: László Krasznahorkai -- Ismail Kadare --</marc:subfield><marc:subfield code="t">English muddle: Alan Hollinghurst --</marc:subfield><marc:subfield code="t">Life's white machine: Ben Lerner --</marc:subfield><marc:subfield code="t">Packing my father-in-law's library.</marc:subfield></marc:datafield><marc:datafield tag="520" ind1=" " ind2=" "><marc:subfield code="a">In twenty-three passionate, sparkling dispatches--which range over such crucial writers as Thomas Hardy, Leo Tolstoy, Edmund Wilson, and Mikhail Lermontov--literary critic James Wood offers a panoramic look at the modern novel. He effortlessly connects his encyclopedic, passionate understanding of the literary canon with an equally in-depth analysis of the most important authors writing today, including Cormac McCarthy, Lydia Davis, and Aleksandar Hemon.</marc:subfield></marc:datafield><marc:datafield tag="650" ind1=" " ind2="0"><marc:subfield code="a">English essays</marc:subfield><marc:subfield code="y">21st century.</marc:subfield></marc:datafield><marc:datafield tag="650" ind1=" " ind2="0"><marc:subfield code="a">Literature</marc:subfield><marc:subfield code="x">History and criticism.</marc:subfield></marc:datafield><marc:datafield tag="650" ind1=" " ind2="7"><marc:subfield code="a">kirjallisuudentutkimus</marc:subfield><marc:subfield code="2">yso/fin</marc:subfield><marc:subfield code="0">http://www.yso.fi/onto/yso/p1066</marc:subfield></marc:datafield><marc:datafield tag="650" ind1=" " ind2="7"><marc:subfield code="a">kaunokirjallisuus</marc:subfield><marc:subfield code="2">yso/fin</marc:subfield><marc:subfield code="0">http://www.yso.fi/onto/yso/p4</marc:subfield></marc:datafield><marc:datafield tag="650" ind1=" " ind2="7"><marc:subfield code="a">litteraturvetenskap</marc:subfield><marc:subfield code="2">yso/swe</marc:subfield><marc:subfield code="0">http://www.yso.fi/onto/yso/p1066</marc:subfield></marc:datafield><marc:datafield tag="650" ind1=" " ind2="7"><marc:subfield code="a">skönlitteratur</marc:subfield><marc:subfield code="2">yso/swe</marc:subfield><marc:subfield code="0">http://www.yso.fi/onto/yso/p4</marc:subfield></marc:datafield><marc:datafield tag="655" ind1=" " ind2="7"><marc:subfield code="a">esseet</marc:subfield><marc:subfield code="2">slm/fin</marc:subfield><marc:subfield code="0">http://urn.fi/URN:NBN:fi:au:slm:s110</marc:subfield></marc:datafield><marc:datafield tag="655" ind1=" " ind2="7"><marc:subfield code="a">kaunokirjallisuus</marc:subfield><marc:subfield code="2">slm/fin</marc:subfield><marc:subfield code="0">http://urn.fi/URN:NBN:fi:au:slm:s975</marc:subfield></marc:datafield><marc:datafield tag="655" ind1=" " ind2="7"><marc:subfield code="a">essäer</marc:subfield><marc:subfield code="2">slm/swe</marc:subfield><marc:subfield code="0">http://urn.fi/URN:NBN:fi:au:slm:s110</marc:subfield></marc:datafield><marc:datafield tag="655" ind1=" " ind2="7"><marc:subfield code="a">skönlitteratur</marc:subfield><marc:subfield code="2">slm/swe</marc:subfield><marc:subfield code="0">http://urn.fi/URN:NBN:fi:au:slm:s975</marc:subfield></marc:datafield></marc:record>