
<marc:record><marc:leader>02653cam a22003494i 4500</marc:leader>
<marc:controlfield tag="001">006405985</marc:controlfield>
<marc:controlfield tag="003">FI-MELINDA</marc:controlfield><marc:controlfield tag="005">20191112125050.0</marc:controlfield><marc:controlfield tag="008">130813s2013    xxu||||||b|||||||||deng||</marc:controlfield><marc:datafield tag="020" ind1=" " ind2=" "><marc:subfield code="a">978-1-4298-3725-5</marc:subfield><marc:subfield code="q">sidottu</marc:subfield></marc:datafield><marc:datafield tag="020" ind1=" " ind2=" "><marc:subfield code="a">1-4298-3725-X</marc:subfield><marc:subfield code="q">sidottu</marc:subfield></marc:datafield><marc:datafield tag="035" ind1=" " ind2=" "><marc:subfield code="a">(FI-MELINDA)006405985</marc:subfield></marc:datafield><marc:datafield tag="041" ind1="0" ind2=" "><marc:subfield code="a">eng</marc:subfield></marc:datafield><marc:datafield tag="082" ind1="0" ind2="0"><marc:subfield code="a">813/.54</marc:subfield><marc:subfield code="2">23</marc:subfield></marc:datafield><marc:datafield tag="245" ind1="0" ind2="0"><marc:subfield code="a">Cormac McCarthy /</marc:subfield><marc:subfield code="c">editor, David N. Cremean.</marc:subfield></marc:datafield><marc:datafield tag="260" ind1=" " ind2=" "><marc:subfield code="a">Ipswich :</marc:subfield><marc:subfield code="b">Salem Press,</marc:subfield><marc:subfield code="c">cop. 2013.</marc:subfield></marc:datafield><marc:datafield tag="300" ind1=" " ind2=" "><marc:subfield code="a">xii, 329 s. ;</marc:subfield><marc:subfield code="c">24 cm</marc:subfield></marc:datafield><marc:datafield tag="336" ind1=" " ind2=" "><marc:subfield code="a">teksti</marc:subfield><marc:subfield code="b">txt</marc:subfield><marc:subfield code="2">rdacontent</marc:subfield></marc:datafield><marc:datafield tag="337" ind1=" " ind2=" "><marc:subfield code="a">käytettävissä ilman laitetta</marc:subfield><marc:subfield code="b">n</marc:subfield><marc:subfield code="2">rdamedia</marc:subfield></marc:datafield><marc:datafield tag="338" ind1=" " ind2=" "><marc:subfield code="a">nide</marc:subfield><marc:subfield code="b">nc</marc:subfield><marc:subfield code="2">rdacarrier</marc:subfield></marc:datafield><marc:datafield tag="490" ind1="1" ind2=" "><marc:subfield code="a">Critical insights</marc:subfield></marc:datafield><marc:datafield tag="505" ind1="0" ind2=" "><marc:subfield code="a">Career, life, and influence. On Cormac McCarthy / David N. Cremean; Biography of Cormac McCarthy / Carole Juge -- Critical contexts. Cormac McCarthy's critical reception / Ronja Vieth; Through a trauma theory lens: McCarthy's violence reconsidered / Christine Shearer-Cremean; Cormac McCarthy's cultural and historical contexts / Ciaran Dowd; Fact and fiction: perspectives on the Borderlands from Cormac McCarthy and Charles Bowden / Robert Headley -- Critical Readings. Cormac McCarthy's Southern novels / Will Brannon; All the pretty Westerns: McCarthy lights out (for) the territories / David N. Cremean; &quot;The ugly fact&quot;: authorial intent, textual criticism, and the McCarthy papers / Andrew Husband; Cormac McCarthy's dramas and screenplays / Stacey Peebles; Adapting McCarthy to film / Cynthia J. Miller; Gender in McCarthy's fiction / Nell Sullivan; Cormac McCarthy: a scientific bent / Rick Wallach; &quot;I wont tell you you can save yourself because you cant&quot;: the western formula and the removal of the hero in No country for old men and Blood meridian / Nicholas Lawrence; &quot;The day is made of what has come before&quot;: determinism and ineffective choice in Cormac McCarthy's Border trilogy / John Ferer; Morels and morals: hope in the postapocalyptic The road / Anne Coyle; Still at the center: McCarthian mysticism / David N. Cremean -- Resources: Chronology of Cormac McCarthy's life; Works by Cormac McCarthy.</marc:subfield></marc:datafield><marc:datafield tag="530" ind1=" " ind2=" "><marc:subfield code="a">Julkaistu myös verkkoaineistona.</marc:subfield></marc:datafield><marc:datafield tag="600" ind1="1" ind2="4"><marc:subfield code="a">McCarthy, Cormac</marc:subfield><marc:subfield code="x">Criticism and interpretation.</marc:subfield></marc:datafield><marc:datafield tag="648" ind1=" " ind2="7"><marc:subfield code="a">1900-luku</marc:subfield><marc:subfield code="2">yso/fin</marc:subfield></marc:datafield><marc:datafield tag="650" ind1=" " ind2="7"><marc:subfield code="a">kirjailijat</marc:subfield><marc:subfield code="2">yso/fin</marc:subfield><marc:subfield code="0">http://www.yso.fi/onto/yso/p8970</marc:subfield></marc:datafield><marc:datafield tag="650" ind1=" " ind2="7"><marc:subfield code="a">författare</marc:subfield><marc:subfield code="2">yso/swe</marc:subfield><marc:subfield code="0">http://www.yso.fi/onto/yso/p8970</marc:subfield></marc:datafield><marc:datafield tag="651" ind1=" " ind2="7"><marc:subfield code="a">Yhdysvallat</marc:subfield><marc:subfield code="2">yso/fin</marc:subfield><marc:subfield code="0">http://www.yso.fi/onto/yso/p105078</marc:subfield></marc:datafield><marc:datafield tag="651" ind1=" " ind2="7"><marc:subfield code="a">Förenta staterna</marc:subfield><marc:subfield code="2">yso/swe</marc:subfield><marc:subfield code="0">http://www.yso.fi/onto/yso/p105078</marc:subfield></marc:datafield><marc:datafield tag="700" ind1="1" ind2=" "><marc:subfield code="a">Cremean, David N.,</marc:subfield><marc:subfield code="e">toimittaja.</marc:subfield></marc:datafield><marc:datafield tag="776" ind1="0" ind2="8"><marc:subfield code="i">Verkkoaineisto:</marc:subfield><marc:subfield code="z">978-1-4298-3773-6</marc:subfield></marc:datafield><marc:datafield tag="830" ind1=" " ind2="0"><marc:subfield code="a">Critical insights.</marc:subfield></marc:datafield></marc:record>