
<marc:record><marc:leader>02417cam a22003134i 4500</marc:leader>
<marc:controlfield tag="001">006407672</marc:controlfield>
<marc:controlfield tag="003">FI-MELINDA</marc:controlfield><marc:controlfield tag="005">20190704073445.0</marc:controlfield><marc:controlfield tag="008">130816s2013    xxka     b    001 0|eng|c</marc:controlfield><marc:datafield tag="020" ind1=" " ind2=" "><marc:subfield code="a">978-1-4438-4767-4</marc:subfield><marc:subfield code="q">sidottu</marc:subfield></marc:datafield><marc:datafield tag="020" ind1=" " ind2=" "><marc:subfield code="a">1-4438-4767-4</marc:subfield><marc:subfield code="q">sidottu</marc:subfield></marc:datafield><marc:datafield tag="035" ind1=" " ind2=" "><marc:subfield code="a">(FI-MELINDA)006407672</marc:subfield></marc:datafield><marc:datafield tag="041" ind1="0" ind2=" "><marc:subfield code="a">eng</marc:subfield></marc:datafield><marc:datafield tag="245" ind1="0" ind2="4"><marc:subfield code="a">The everyday :</marc:subfield><marc:subfield code="b">experiences, concepts, and narratives /</marc:subfield><marc:subfield code="c">edited by Justin Derry and Martin Parrot.</marc:subfield></marc:datafield><marc:datafield tag="260" ind1=" " ind2=" "><marc:subfield code="a">Newcastle :</marc:subfield><marc:subfield code="b">Cambridge Scholars Publishing,</marc:subfield><marc:subfield code="c">2013.</marc:subfield></marc:datafield><marc:datafield tag="300" ind1=" " ind2=" "><marc:subfield code="a">vi, 265 s. :</marc:subfield><marc:subfield code="b">kuvitettu</marc:subfield></marc:datafield><marc:datafield tag="336" ind1=" " ind2=" "><marc:subfield code="a">teksti</marc:subfield><marc:subfield code="b">txt</marc:subfield><marc:subfield code="2">rdacontent</marc:subfield></marc:datafield><marc:datafield tag="337" ind1=" " ind2=" "><marc:subfield code="a">käytettävissä ilman laitetta</marc:subfield><marc:subfield code="b">n</marc:subfield><marc:subfield code="2">rdamedia</marc:subfield></marc:datafield><marc:datafield tag="338" ind1=" " ind2=" "><marc:subfield code="a">nide</marc:subfield><marc:subfield code="b">nc</marc:subfield><marc:subfield code="2">rdacarrier</marc:subfield></marc:datafield><marc:datafield tag="504" ind1=" " ind2=" "><marc:subfield code="a">Includes bibliographical references and index.</marc:subfield></marc:datafield><marc:datafield tag="505" ind1="0" ind2=" "><marc:subfield code="a">Introduction: questioning everyday life / Justin Derry and Martin Parrot. Part I. Everyday aesthetics. 1. Everyday boredoms or Breton's excursion to Saint-Julien-Le-Pauvre / Julian Jason Haladyn. 2. The equivocal everyday: unveiling tensions in the work of Yannick Pouliot / Jessica Darveau. 3. Edible manifestos: new social orders in contemporary art, activism, and gastronomy / Mark Clintberg. 4. Beyond (new) Babylon: the urban everyday Guy Debord and the situationist international / Jessica Elaine Reilly. Part II: Everyday narratives, performances and ontologies. 5. Articulating ontologies of the everyday: perspectives on Indian Bārahmāsās / Mélissa Gélinas. 6. Within the present of looking: the Makortoff family collection of photographs of Doukhobor daily life 1920-1950 / Natalia Lebedinskaia. 7. The landscapes of visual culture / Ben Hensby. Part III. Everyday life, archives and epistemologies. 9. Cinéma Direct, everyday life and the eye of history / Martin Parrot. 10. Archive cultures: technicity, trace and metaphor / Joshua Synenko. 11. Epistemology at the end of the world: ecocriticism, everyday violence, and Cormac McCarthy's The road / Robert Brown.</marc:subfield></marc:datafield><marc:datafield tag="650" ind1=" " ind2="7"><marc:subfield code="a">arki</marc:subfield><marc:subfield code="2">yso/fin</marc:subfield><marc:subfield code="0">http://www.yso.fi/onto/yso/p22039</marc:subfield></marc:datafield><marc:datafield tag="650" ind1=" " ind2="7"><marc:subfield code="a">visuaalinen kulttuuri</marc:subfield><marc:subfield code="2">yso/fin</marc:subfield><marc:subfield code="0">http://www.yso.fi/onto/yso/p10274</marc:subfield></marc:datafield><marc:datafield tag="650" ind1=" " ind2="7"><marc:subfield code="a">kaunokirjallisuus</marc:subfield><marc:subfield code="2">yso/fin</marc:subfield><marc:subfield code="0">http://www.yso.fi/onto/yso/p4</marc:subfield></marc:datafield><marc:datafield tag="650" ind1=" " ind2="7"><marc:subfield code="a">vardag</marc:subfield><marc:subfield code="2">yso/swe</marc:subfield><marc:subfield code="0">http://www.yso.fi/onto/yso/p22039</marc:subfield></marc:datafield><marc:datafield tag="650" ind1=" " ind2="7"><marc:subfield code="a">visuell kultur</marc:subfield><marc:subfield code="2">yso/swe</marc:subfield><marc:subfield code="0">http://www.yso.fi/onto/yso/p10274</marc:subfield></marc:datafield><marc:datafield tag="650" ind1=" " ind2="7"><marc:subfield code="a">skönlitteratur</marc:subfield><marc:subfield code="2">yso/swe</marc:subfield><marc:subfield code="0">http://www.yso.fi/onto/yso/p4</marc:subfield></marc:datafield><marc:datafield tag="700" ind1="1" ind2=" "><marc:subfield code="a">Derry, Justin.</marc:subfield></marc:datafield><marc:datafield tag="700" ind1="1" ind2=" "><marc:subfield code="a">Parrot, Martin.</marc:subfield></marc:datafield></marc:record>