
<marc:record><marc:leader>00609cam a22002053i 4500</marc:leader>
<marc:controlfield tag="001">006410916</marc:controlfield>
<marc:controlfield tag="003">FI-MELINDA</marc:controlfield><marc:controlfield tag="005">20160108131424.0</marc:controlfield><marc:controlfield tag="008">130828s1990    xxk          |||| | eng c</marc:controlfield><marc:datafield tag="020" ind1=" " ind2=" "><marc:subfield code="a">0-330-31256-1</marc:subfield></marc:datafield><marc:datafield tag="035" ind1=" " ind2=" "><marc:subfield code="a">(FI-MELINDA)006410916</marc:subfield></marc:datafield><marc:datafield tag="041" ind1="0" ind2=" "><marc:subfield code="a">eng</marc:subfield></marc:datafield><marc:datafield tag="100" ind1="1" ind2=" "><marc:subfield code="a">McCarthy, Cormac.</marc:subfield></marc:datafield><marc:datafield tag="245" ind1="1" ind2="0"><marc:subfield code="a">Blood meridian, or, The evening redness in the west /</marc:subfield><marc:subfield code="c">Cormac McCarthy.</marc:subfield></marc:datafield><marc:datafield tag="246" ind1="1" ind2="3"><marc:subfield code="a">Evening redness in the west</marc:subfield></marc:datafield><marc:datafield tag="260" ind1=" " ind2=" "><marc:subfield code="a">London :</marc:subfield><marc:subfield code="b">Picador,</marc:subfield><marc:subfield code="c">1990.</marc:subfield></marc:datafield><marc:datafield tag="300" ind1=" " ind2=" "><marc:subfield code="a">337 s</marc:subfield></marc:datafield><marc:datafield tag="336" ind1=" " ind2=" "><marc:subfield code="a">teksti</marc:subfield><marc:subfield code="b">txt</marc:subfield><marc:subfield code="2">rdacontent</marc:subfield></marc:datafield><marc:datafield tag="337" ind1=" " ind2=" "><marc:subfield code="a">käytettävissä ilman laitetta</marc:subfield><marc:subfield code="b">n</marc:subfield><marc:subfield code="2">rdamedia</marc:subfield></marc:datafield><marc:datafield tag="338" ind1=" " ind2=" "><marc:subfield code="a">nide</marc:subfield><marc:subfield code="b">nc</marc:subfield><marc:subfield code="2">rdacarrier</marc:subfield></marc:datafield></marc:record>