
<marc:record><marc:leader>03259cam a22003494i 4500</marc:leader>
<marc:controlfield tag="001">006615213</marc:controlfield>
<marc:controlfield tag="003">FI-MELINDA</marc:controlfield><marc:controlfield tag="005">20191129164850.0</marc:controlfield><marc:controlfield tag="008">120829s2013    xxk      b    001 0 eng c</marc:controlfield><marc:datafield tag="020" ind1=" " ind2=" "><marc:subfield code="a">978-1-107-60097-3</marc:subfield><marc:subfield code="q">paperback</marc:subfield></marc:datafield><marc:datafield tag="020" ind1=" " ind2=" "><marc:subfield code="a">978-1-107-01313-1</marc:subfield><marc:subfield code="q">hardback</marc:subfield></marc:datafield><marc:datafield tag="035" ind1=" " ind2=" "><marc:subfield code="a">(FI-MELINDA)006615213</marc:subfield></marc:datafield><marc:datafield tag="041" ind1="0" ind2=" "><marc:subfield code="a">eng</marc:subfield></marc:datafield><marc:datafield tag="050" ind1="0" ind2="0"><marc:subfield code="a">PS371</marc:subfield><marc:subfield code="b">.C35 2013</marc:subfield></marc:datafield><marc:datafield tag="082" ind1="0" ind2="0"><marc:subfield code="a">813.009</marc:subfield><marc:subfield code="2">23</marc:subfield></marc:datafield><marc:datafield tag="084" ind1=" " ind2=" "><marc:subfield code="a">LIT004020</marc:subfield><marc:subfield code="2">bisacsh</marc:subfield></marc:datafield><marc:datafield tag="245" ind1="0" ind2="4"><marc:subfield code="a">The Cambridge companion to American novelists /</marc:subfield><marc:subfield code="c">edited by Timothy Parrish, Florida State University.</marc:subfield></marc:datafield><marc:datafield tag="264" ind1=" " ind2="1"><marc:subfield code="a">Cambridge :</marc:subfield><marc:subfield code="b">Cambridge University Press,</marc:subfield><marc:subfield code="c">2013.</marc:subfield></marc:datafield><marc:datafield tag="300" ind1=" " ind2=" "><marc:subfield code="a">xxxiv, 328 pages ;</marc:subfield><marc:subfield code="c">24 cm</marc:subfield></marc:datafield><marc:datafield tag="336" ind1=" " ind2=" "><marc:subfield code="a">text</marc:subfield><marc:subfield code="b">txt</marc:subfield><marc:subfield code="2">rdacontent</marc:subfield></marc:datafield><marc:datafield tag="337" ind1=" " ind2=" "><marc:subfield code="a">käytettävissä ilman laitetta</marc:subfield><marc:subfield code="b">n</marc:subfield><marc:subfield code="2">rdamedia</marc:subfield></marc:datafield><marc:datafield tag="338" ind1=" " ind2=" "><marc:subfield code="a">nide</marc:subfield><marc:subfield code="b">nc</marc:subfield><marc:subfield code="2">rdacarrier</marc:subfield></marc:datafield><marc:datafield tag="490" ind1="1" ind2=" "><marc:subfield code="a">Cambridge companions to literature</marc:subfield></marc:datafield><marc:datafield tag="504" ind1=" " ind2=" "><marc:subfield code="a">Includes bibliographical references and index.</marc:subfield></marc:datafield><marc:datafield tag="505" ind1="8" ind2=" "><marc:subfield code="a">Machine generated contents note: Introduction Timothy Parrish; 1. James Fenimore Cooper Stephen Railton; 2. Nathaniel Hawthorne Robert Milder; 3. Herman Melville Clark Davis; 4. Harriet Beecher Stowe Arthur Riss; 5. Mark Twain Peter Messent; 6. Henry James Thomas J. Otten; 7. Edith Wharton Pamela Knights; 8. Theodore Dreiser Clare Eby; 9. Willa Cather Timothy Parrish; 10. F. Scott Fitzgerald Ruth Prigozy; 11. Ernest Hemingway Eugene Goodheart; 12. William Faulkner Philip Weinstein; 13. Henry Roth Hana Wirth-Nesher; 14. Djuna Barnes Alex Goody; 15. Zora Neale Hurston Lovalerie King; 16. Richard Wright William Dow; 17. Raymond Chandler Leonard Cassuto; 18. Ralph Ellison David Yaffe; 19. J. D. Salinger Sarah Graham; 20. Patricia Highsmith Joan Schenkar; 21. Vladimir Nabokov Julian W. Connoly; 22. Jack Kerouac Joshua Kupetz; 23. Saul Bellow Victoria Aarons; 24. Kurt Vonnegut Todd Davis; 25. John Updike James Schiff; 26. Thomas Pynchon David Seed; 27. Toni Morrison Valerie Smith; 28. Philip Roth Debra Shostak; 29. Don DeLillo Thomas Heise; 30. Cormac McCarthy Brian Evenson; Guide to further reading; Index.</marc:subfield></marc:datafield><marc:datafield tag="520" ind1=" " ind2=" "><marc:subfield code="a">'This Companion examines the full range and vigor of the American novel. From the American exceptionalism of James Fenimore Cooper to the apocalyptic post-Americanism of Cormac McCarthy, these newly commissioned essays from leading scholars and critics chronicle the major aesthetic innovations that have shaped the American novel over the past two centuries. The essays evaluate the work, life and legacy of influential American novelists including Melville, Twain, James, Wharton, Cather, Faulkner, Ellison, Pynchon and Morrison, while situating them within the context of their literary predecessors and successors. The volume also highlights less familiar, though equally significant writers such as Theodore Dreiser and Djuna Barnes, providing a balanced and wide-ranging survey of use to students, teachers and general readers of American literature'--</marc:subfield><marc:subfield code="c">Provided by publisher.</marc:subfield></marc:datafield><marc:datafield tag="650" ind1=" " ind2="7"><marc:subfield code="a">LITERARY CRITICISM / American / General.</marc:subfield><marc:subfield code="2">bisacsh</marc:subfield></marc:datafield><marc:datafield tag="650" ind1=" " ind2="0"><marc:subfield code="a">Novelists, American.</marc:subfield></marc:datafield><marc:datafield tag="650" ind1=" " ind2="0"><marc:subfield code="a">American fiction</marc:subfield><marc:subfield code="x">History and criticism.</marc:subfield></marc:datafield><marc:datafield tag="700" ind1="1" ind2=" "><marc:subfield code="a">Parrish, Timothy,</marc:subfield><marc:subfield code="e">toimittaja.</marc:subfield></marc:datafield><marc:datafield tag="830" ind1=" " ind2="0"><marc:subfield code="a">Cambridge companions to literature.</marc:subfield></marc:datafield><marc:datafield tag="856" ind1="4" ind2="2"><marc:subfield code="3">Cover image</marc:subfield><marc:subfield code="u">http://assets.cambridge.org/97811070/13131/cover/9781107013131.jpg</marc:subfield></marc:datafield></marc:record>