
<marc:record><marc:leader>03193cam a22003254i 4500</marc:leader>
<marc:controlfield tag="001">007034132</marc:controlfield>
<marc:controlfield tag="003">FI-MELINDA</marc:controlfield><marc:controlfield tag="005">20200804213946.0</marc:controlfield><marc:controlfield tag="008">150306s2014    xxu|||||r|||||0|1|0|eng|c</marc:controlfield><marc:datafield tag="020" ind1=" " ind2=" "><marc:subfield code="a">978-0-262-52635-7</marc:subfield><marc:subfield code="q">nidottu</marc:subfield></marc:datafield><marc:datafield tag="035" ind1=" " ind2=" "><marc:subfield code="a">(FI-MELINDA)007034132</marc:subfield></marc:datafield><marc:datafield tag="041" ind1="0" ind2=" "><marc:subfield code="a">eng</marc:subfield></marc:datafield><marc:datafield tag="084" ind1=" " ind2=" "><marc:subfield code="a">77.32</marc:subfield><marc:subfield code="2">ykl</marc:subfield></marc:datafield><marc:datafield tag="100" ind1="1" ind2=" "><marc:subfield code="a">Joy, Jenn,</marc:subfield><marc:subfield code="e">kirjoittaja.</marc:subfield></marc:datafield><marc:datafield tag="245" ind1="1" ind2="4"><marc:subfield code="a">The choreographic /</marc:subfield><marc:subfield code="c">Jenn Joy.</marc:subfield></marc:datafield><marc:datafield tag="260" ind1=" " ind2=" "><marc:subfield code="a">Cambridge, Massachusetts :</marc:subfield><marc:subfield code="b">MIT Press,</marc:subfield><marc:subfield code="c">cop. 2014.</marc:subfield></marc:datafield><marc:datafield tag="300" ind1=" " ind2=" "><marc:subfield code="a">x, 234 s. :</marc:subfield><marc:subfield code="b">kuvitettu ;</marc:subfield><marc:subfield code="c">23 cm</marc:subfield></marc:datafield><marc:datafield tag="336" ind1=" " ind2=" "><marc:subfield code="a">teksti</marc:subfield><marc:subfield code="b">txt</marc:subfield><marc:subfield code="2">rdacontent</marc:subfield></marc:datafield><marc:datafield tag="337" ind1=" " ind2=" "><marc:subfield code="a">käytettävissä ilman laitetta</marc:subfield><marc:subfield code="b">n</marc:subfield><marc:subfield code="2">rdamedia</marc:subfield></marc:datafield><marc:datafield tag="338" ind1=" " ind2=" "><marc:subfield code="a">nide</marc:subfield><marc:subfield code="b">nc</marc:subfield><marc:subfield code="2">rdacarrier</marc:subfield></marc:datafield><marc:datafield tag="505" ind1="0" ind2=" "><marc:subfield code="a">Introduction: opening to the choreographic -- 1. Precarious rapture: lessons from the landscape -- 2. Violent desire: writing laughing -- 3. Ecstatic community -- 4. Outer spaces: to write, to dance -- Conclusion : a return and a refrain.</marc:subfield></marc:datafield><marc:datafield tag="520" ind1=" " ind2=" "><marc:subfield code="a">The choreographic stages a conversation in which artwork is not only looked at but looks back; it is about contact that touches even across distance. The choreographic moves between the corporeal and cerebral to tell the stories of these encounters as dance trespasses into the discourse and disciplines of visual art and philosophy through a series of stutters, steps, trembles, and spasms. In The Choreographic, Jenn Joy examines dance and choreography not only as artistic strategies and disciplines but also as intrinsically theoretical and critical practices. She investigates artists in dialogue with philosophy, describing a movement of conceptual choreography that flourishes in New York and on the festival circuit. Joy offers close readings of a series of experimental works, arguing for the choreographic as an alternative model of aesthetics. She explores constellations of works, artists, writers, philosophers, and dancers, in conversation with theories of gesture, language, desire, and history. She choreographs a revelatory narrative in which Walter Benjamin, Pina Bausch, Francis Alys, and Cormac McCarthy dance together; she traces the feminist and queer force toward desire through the choreography of DD Dorvillier, Heather Kravas, Meg Stuart, La Ribot, Miguel Gutierrez, luciana achugar, and others; she maps new forms of communicability and pedagogy; and she casts science fiction writers Samuel R. Delany and Kim Stanley Robinson as perceptual avatars and dance partners for Ralph Lemon, Marianne Vitali, James Foster, and Janet Cardiff and George Bures Miller. Constructing an expanded notion of the choreographic, Joy explores how choreography as critical concept and practice attunes us to a more productively uncertain, precarious, and ecstatic understanding of aesthetics and art making.</marc:subfield></marc:datafield><marc:datafield tag="650" ind1=" " ind2="0"><marc:subfield code="a">Dance</marc:subfield><marc:subfield code="x">Philosophy.</marc:subfield></marc:datafield><marc:datafield tag="650" ind1=" " ind2="0"><marc:subfield code="a">Arts</marc:subfield><marc:subfield code="x">Historiography.</marc:subfield></marc:datafield><marc:datafield tag="650" ind1=" " ind2="7"><marc:subfield code="a">tanssi</marc:subfield><marc:subfield code="2">yso/fin</marc:subfield><marc:subfield code="0">http://www.yso.fi/onto/yso/p1278</marc:subfield></marc:datafield><marc:datafield tag="650" ind1=" " ind2="7"><marc:subfield code="a">filosofia</marc:subfield><marc:subfield code="2">yso/fin</marc:subfield><marc:subfield code="0">http://www.yso.fi/onto/yso/p1056</marc:subfield></marc:datafield><marc:datafield tag="650" ind1=" " ind2="7"><marc:subfield code="a">koreografia</marc:subfield><marc:subfield code="2">yso/fin</marc:subfield><marc:subfield code="0">http://www.yso.fi/onto/yso/p18271</marc:subfield></marc:datafield><marc:datafield tag="650" ind1=" " ind2="7"><marc:subfield code="a">dans</marc:subfield><marc:subfield code="2">yso/swe</marc:subfield><marc:subfield code="0">http://www.yso.fi/onto/yso/p1278</marc:subfield></marc:datafield><marc:datafield tag="650" ind1=" " ind2="7"><marc:subfield code="a">filosofi</marc:subfield><marc:subfield code="2">yso/swe</marc:subfield><marc:subfield code="0">http://www.yso.fi/onto/yso/p1056</marc:subfield></marc:datafield><marc:datafield tag="650" ind1=" " ind2="7"><marc:subfield code="a">koreografi</marc:subfield><marc:subfield code="2">yso/swe</marc:subfield><marc:subfield code="0">http://www.yso.fi/onto/yso/p18271</marc:subfield></marc:datafield></marc:record>