
<marc:record><marc:leader>07977cam a22004934i 4500</marc:leader>
<marc:controlfield tag="001">007041173</marc:controlfield>
<marc:controlfield tag="003">FI-MELINDA</marc:controlfield><marc:controlfield tag="005">20200920153330.0</marc:controlfield><marc:controlfield tag="008">150331s2013    xxu|||||||||||||||||eng|c</marc:controlfield><marc:datafield tag="020" ind1=" " ind2=" "><marc:subfield code="a">978-1-60980-380-3</marc:subfield><marc:subfield code="q">nidottu</marc:subfield></marc:datafield><marc:datafield tag="035" ind1=" " ind2=" "><marc:subfield code="a">(FI-MELINDA)007041173</marc:subfield></marc:datafield><marc:datafield tag="041" ind1="0" ind2=" "><marc:subfield code="a">eng</marc:subfield></marc:datafield><marc:datafield tag="084" ind1=" " ind2=" "><marc:subfield code="a">85.35</marc:subfield><marc:subfield code="2">ykl</marc:subfield></marc:datafield><marc:datafield tag="245" ind1="0" ind2="4"><marc:subfield code="a">The graphic canon.</marc:subfield><marc:subfield code="n">Volume 3,</marc:subfield><marc:subfield code="p">from Heart of Darkness to Hemingway to Infinite Jest /</marc:subfield><marc:subfield code="c">edited by Russ Kick.</marc:subfield></marc:datafield><marc:datafield tag="246" ind1="1" ind2="4"><marc:subfield code="a">The world's great literature as comics and visuals</marc:subfield></marc:datafield><marc:datafield tag="260" ind1=" " ind2=" "><marc:subfield code="a">New York :</marc:subfield><marc:subfield code="b">Seven Stories Press,</marc:subfield><marc:subfield code="c">2013.</marc:subfield></marc:datafield><marc:datafield tag="300" ind1=" " ind2=" "><marc:subfield code="a">xii, 563, [1] s. :</marc:subfield><marc:subfield code="b">kuvitettu ;</marc:subfield><marc:subfield code="c">28 cm</marc:subfield></marc:datafield><marc:datafield tag="336" ind1=" " ind2=" "><marc:subfield code="a">teksti</marc:subfield><marc:subfield code="b">txt</marc:subfield><marc:subfield code="2">rdacontent</marc:subfield></marc:datafield><marc:datafield tag="337" ind1=" " ind2=" "><marc:subfield code="a">käytettävissä ilman laitetta</marc:subfield><marc:subfield code="b">n</marc:subfield><marc:subfield code="2">rdamedia</marc:subfield></marc:datafield><marc:datafield tag="338" ind1=" " ind2=" "><marc:subfield code="a">nide</marc:subfield><marc:subfield code="b">nc</marc:subfield><marc:subfield code="2">rdacarrier</marc:subfield></marc:datafield><marc:datafield tag="505" ind1=" " ind2=" "><marc:subfield code="a">Heart of darkness / Joseph Conrad ; illustrations by Matt Kish -- The awakening / Kate Chopin ; art/adaptation by Rebecca Migdal -- The interpretation of dreams / Sigmund Freud ; art/adaptation by Tara Seibel -- The wonderful Wizard of Oz / L. Frank Baum ; photo-dioramas by Graham Rawle -- &quot;The new accelerator&quot; / H. G. Wells ; art/adaptation by Cole Johnson -- &quot;Reginald&quot; / Saki ; art/adaptation by Sonia Leong -- Mother / Maxim Gorky ; art/adaptation by Stephanie McMillan -- &quot;IF--&quot; / Rudyard Kipling ; art/adaptation by Frank Hansen -- John Barleycorn / Jack London ; art/adaptation by John Pierard -- &quot;Araby&quot; (from Dubliners) / James Joyce ; art/adaptation by Annie Mok -- &quot;The metamorphosis&quot; / Franz Kafka ; art/adaptation by R. Sikoryak -- The voyage out / Virginia Woolf ; art/adaptation by Caroline Picard -- &quot;The love song of J. Alfred Prufrock&quot; / T. S. Eliot ; art/adaptation by Anthony Ventura -- &quot;The mowers&quot; / D. H. Lawrence ; art/adaptation by Bishakh Som -- &quot;Sea Iris&quot; / H. D. ; art/adaptation by Bishakh Som -- &quot;A matter of colour&quot; / Ernest Hemingway ; art/adaptation by Dan Duncan -- The madman / Kahlil Gibran ; art/adaptation by Matt Wiegle -- &quot;Hands&quot; (from Winesburg, Ohio) / Sherwood Anderson ; art/adaptation by Ted Rall -- The dreaming of the bones / W. B. Yeats ; art/adaptation by Lauren Weinstein --</marc:subfield></marc:datafield><marc:datafield tag="505" ind1=" " ind2=" "><marc:subfield code="a">Cheri / Colette ; illustration by Molly Crabapple -- The age of innocence / Edith Wharton ; art/adaptation by C. Frakes -- &quot;Dulce et decorum est&quot; / Wilfred Owen ; adaptation by Jason Cobley, line work by John Blake, coloring by Michael Reid, lettering by Greg Powell -- &quot;The second coming&quot; / W. B. Yeats / art/adaptation by Anthony Ventura -- &quot;The penitent&quot; and &quot;The singing-woman from the wood's edge&quot; / Edna St. Vincent Millay ; art/adaptation by Joy Kolitsky -- &quot;The top&quot; and &quot;Give it up!&quot; / Franz Kafka ; art/adaptation by Peter Kuper -- &quot;The Negro speak of rivers&quot; / Langston Hughes ; art/adaptation by Jenny Tondera -- &quot;Rain&quot; / W. Somerset Maugham ; art/adaptation by Lance Tooks -- Ulysses / James Joyce ; art/adaptation by Robert Berry with Josh Levitas -- Ulysses / James Joyce ; art/adaptation by David Lasky -- &quot;Living on $1,000 a year in Paris&quot; / Ernest Hemingway ; art/adaptation by Steve Rolston -- &quot;The emperor of ice-cream&quot; / Wallace Stevens ; art/adaptation by Anthony Ventura -- &quot;The hill&quot; / William Faulkner ; art/adaptation by Kate Glasheen -- Siddhartha / Hermann Hesse ; art/adaptation by J. Ben Moss -- &quot;The waste land&quot; / T. S. Eliot ; art/adaptation by Chandra Free -- The great Gatsby / F. Scott Fitzgerald ; illustrations by Tara Seibel -- Steppenwolf / Hermann Hesse ; illustrations by John Pierard -- Lady Chatterley's lover / D. H. Lawrence ; art/adaptation by Lisa Brown -- The sound and the fury / William Faulkner ; art/adaptation by Robert Goodin -- Letters to a young poet / Rainer Maria Rilke / design by James Uhler -- The maltese falcon / Daheill Hammett ; art/adaptation by T. Edward Bak --</marc:subfield></marc:datafield><marc:datafield tag="505" ind1=" " ind2=" "><marc:subfield code="a">Brave new world / Aldous Huxley ; illustrations by Carly Schmitt -- Poker! / Zora Neale Hurston ; art/adaptation by Milton Knight -- Black elk speaks / Black Elk and John G. Neihardt ; illustrations by Molly Kiely -- &quot;Strange fruit&quot; (a.k.a. &quot;Bitter fruit&quot;) / Lewis Allan ; art/adaptation by John Linton Roberston -- Nausea / Jean-Paul Sartre ; art/adaptation by Robert Crumb -- The grapes of wrath / John Steinbeck ; art/adaptation by Liesbeth De Stercke -- Three stories / Jorge Luis Borges ; illustrations by Kathryn Siveyer -- The stranger / Albert Camus ; adaptation by Juan Carlos Kreimer, art by Julian Aron, translation by Dan Simon -- Animal farm / George Orwell ; photo-dioramas by Laura Plansker -- &quot;The heart of the park&quot; / Flannery O'Connor ; art/adaptation by Jeremy Eaton -- Nineteen eighty-four / George Orwell ; illustrations by Lesley Barnes -- The man with the golden arm / Nelson Algren ; art/adaptation by Jeremy Eaton -- &quot;The voice of the hamster&quot; / Thomas Pynchon ; art/adaptation by Brendan Leach -- Waiting for Godot / Samuel Beckett ; illustrations by Gustavo Rinaldi -- &quot;The dancer&quot;/ Gabriela Mistral ; illustration by Andrea Arroyo -- Lord of the flies / William Golding ; art/adaptation by Trevor Alixopulos -- The doors of perception / Aldous Huxley ; illustrations by John Pierard -- Lolita / Vladimir Nabokov ; art/adaptation by Sally Madden -- Four beats ; art and design by Tara Seibel -- On the road / Jack Kerouac ; illustration by Yeji Yun --</marc:subfield></marc:datafield><marc:datafield tag="505" ind1=" " ind2=" "><marc:subfield code="a">Naked lunch / William S. Burroughs ; art/adaptation by Emelie Ostergren -- One flew over the cuckoo's nest / Ken Kesey ; art/adaptation by PMurphy -- The bell jar / Sylvia Plath ; illustration by Ellen Lindner -- Last exit to Brooklyn / Hubert Selby, Jr. ; art/adaptation by Juliacks -- Diaries / Anais Nin ; art/adaptation by Mardou -- The master and margarita / Mikhail Bulgakov ; art/adaptation by Andrzej Klimowski and Danusia Schejbal -- One hundred years of solitude / Gabriel Garcia Marquez ; illustrations by Yien Yip -- In watermelon sugar / Richard Brautigan ; illustration by Juliacks -- Gravity's rainbow / Thomas Pynchon ; illustrations by Zak Smith -- Crash / J. G. Ballard ; art/adaptation by Onsmith -- &quot;I bought a little city&quot; / Donald Barthelme ; illustration by Andrice Arp -- &quot;What we talk about when we talk about love&quot; / Raymond Carver ; illustrations by Annie Mok -- Blood and guts in High School / Kathy Acker ; art/adaptation by Molly Kiely -- Blood meridian / Cormac McCarthy ; illustrations by Dame Darcy -- Foucault's pendulum / Umberto Eco ; art/adaptation by Julia Gfrorer -- Wild at heart / Barry Gifford ; art/adaptation by Rick Trembles -- The famished road / Ben Okri ; art/adaptation by Aidan Koch -- Einstein's dreams / Alan Lightman ; art/adaptation by Rey Ortega -- The wind-up bird chronicle / Haruki Murakami ; illustration by Rey Ortega -- Infinite jest / David Foster Wallace ; illustrations by Benjamin Birdie.</marc:subfield></marc:datafield><marc:datafield tag="650" ind1=" " ind2="0"><marc:subfield code="a">Comic books, strips, etc.</marc:subfield><marc:subfield code="x">History and criticism.</marc:subfield></marc:datafield><marc:datafield tag="650" ind1=" " ind2="0"><marc:subfield code="a">Literature</marc:subfield><marc:subfield code="x">Adaptations.</marc:subfield></marc:datafield><marc:datafield tag="650" ind1=" " ind2="0"><marc:subfield code="a">Graphic novels in education.</marc:subfield></marc:datafield><marc:datafield tag="650" ind1=" " ind2="0"><marc:subfield code="a">Graphic novels.</marc:subfield></marc:datafield><marc:datafield tag="650" ind1=" " ind2="7"><marc:subfield code="a">sarjakuvat</marc:subfield><marc:subfield code="2">yso/fin</marc:subfield><marc:subfield code="0">http://www.yso.fi/onto/yso/p1148</marc:subfield></marc:datafield><marc:datafield tag="650" ind1=" " ind2="7"><marc:subfield code="a">sarjakuvataiteilijat</marc:subfield><marc:subfield code="2">yso/fin</marc:subfield><marc:subfield code="0">http://www.yso.fi/onto/yso/p21601</marc:subfield></marc:datafield><marc:datafield tag="650" ind1=" " ind2="7"><marc:subfield code="a">kirjallisuudenhistoria</marc:subfield><marc:subfield code="2">yso/fin</marc:subfield><marc:subfield code="0">http://www.yso.fi/onto/yso/p17103</marc:subfield></marc:datafield><marc:datafield tag="650" ind1=" " ind2="7"><marc:subfield code="a">klassikot</marc:subfield><marc:subfield code="2">yso/fin</marc:subfield><marc:subfield code="0">http://www.yso.fi/onto/yso/p19429</marc:subfield></marc:datafield><marc:datafield tag="650" ind1=" " ind2="7"><marc:subfield code="a">mukaelmat</marc:subfield><marc:subfield code="2">yso/fin</marc:subfield><marc:subfield code="0">http://www.yso.fi/onto/yso/p3157</marc:subfield></marc:datafield><marc:datafield tag="650" ind1=" " ind2="7"><marc:subfield code="a">tecknade serier</marc:subfield><marc:subfield code="2">yso/swe</marc:subfield><marc:subfield code="0">http://www.yso.fi/onto/yso/p1148</marc:subfield></marc:datafield><marc:datafield tag="650" ind1=" " ind2="7"><marc:subfield code="a">serieskapare</marc:subfield><marc:subfield code="2">yso/swe</marc:subfield><marc:subfield code="0">http://www.yso.fi/onto/yso/p21601</marc:subfield></marc:datafield><marc:datafield tag="650" ind1=" " ind2="7"><marc:subfield code="a">litteraturhistoria</marc:subfield><marc:subfield code="2">yso/swe</marc:subfield><marc:subfield code="0">http://www.yso.fi/onto/yso/p17103</marc:subfield></marc:datafield><marc:datafield tag="650" ind1=" " ind2="7"><marc:subfield code="a">klassiker</marc:subfield><marc:subfield code="2">yso/swe</marc:subfield><marc:subfield code="0">http://www.yso.fi/onto/yso/p19429</marc:subfield></marc:datafield><marc:datafield tag="650" ind1=" " ind2="7"><marc:subfield code="a">omarbetningar</marc:subfield><marc:subfield code="2">yso/swe</marc:subfield><marc:subfield code="0">http://www.yso.fi/onto/yso/p3157</marc:subfield></marc:datafield><marc:datafield tag="650" ind1=" " ind2="7"><marc:subfield code="a">mukaelmat</marc:subfield><marc:subfield code="x">klassikot</marc:subfield><marc:subfield code="2">kaunokki</marc:subfield></marc:datafield><marc:datafield tag="655" ind1=" " ind2="7"><marc:subfield code="a">antologiat</marc:subfield><marc:subfield code="2">slm/fin</marc:subfield><marc:subfield code="0">http://urn.fi/URN:NBN:fi:au:slm:s289</marc:subfield></marc:datafield><marc:datafield tag="655" ind1=" " ind2="7"><marc:subfield code="a">antologier</marc:subfield><marc:subfield code="2">slm/swe</marc:subfield><marc:subfield code="0">http://urn.fi/URN:NBN:fi:au:slm:s289</marc:subfield></marc:datafield><marc:datafield tag="655" ind1=" " ind2="7"><marc:subfield code="a">sarjakuvat</marc:subfield><marc:subfield code="2">slm/fin</marc:subfield><marc:subfield code="0">http://urn.fi/URN:NBN:fi:au:slm:s356</marc:subfield></marc:datafield><marc:datafield tag="655" ind1=" " ind2="7"><marc:subfield code="a">tecknade serier</marc:subfield><marc:subfield code="2">slm/swe</marc:subfield><marc:subfield code="0">http://urn.fi/URN:NBN:fi:au:slm:s356</marc:subfield></marc:datafield><marc:datafield tag="700" ind1="1" ind2=" "><marc:subfield code="a">Kick, Russ.</marc:subfield></marc:datafield></marc:record>