
<marc:record><marc:leader>01245cim a22003494i 4500</marc:leader>
<marc:controlfield tag="001">007167841</marc:controlfield>
<marc:controlfield tag="003">FI-MELINDA</marc:controlfield><marc:controlfield tag="005">20200918014150.0</marc:controlfield><marc:controlfield tag="007">sd||||||||||||</marc:controlfield><marc:controlfield tag="008">040218s2008    xxk|||||||||||||||||eng|c</marc:controlfield><marc:datafield tag="020" ind1=" " ind2=" "><marc:subfield code="a">978-962-634-971-7</marc:subfield></marc:datafield><marc:datafield tag="024" ind1="3" ind2=" "><marc:subfield code="a">9789626349717</marc:subfield></marc:datafield><marc:datafield tag="028" ind1="0" ind2="1"><marc:subfield code="b">Naxos AudioBooks</marc:subfield><marc:subfield code="a">NA497112</marc:subfield></marc:datafield><marc:datafield tag="035" ind1=" " ind2=" "><marc:subfield code="a">(FI-MELINDA)007167841</marc:subfield></marc:datafield><marc:datafield tag="041" ind1="0" ind2=" "><marc:subfield code="d">eng</marc:subfield></marc:datafield><marc:datafield tag="084" ind1=" " ind2=" "><marc:subfield code="a">84.5</marc:subfield><marc:subfield code="2">ykl</marc:subfield></marc:datafield><marc:datafield tag="100" ind1="1" ind2=" "><marc:subfield code="a">McCarthy, Cormac.</marc:subfield></marc:datafield><marc:datafield tag="245" ind1="1" ind2="4"><marc:subfield code="a">The road /</marc:subfield><marc:subfield code="c">Cormac McCarthy.</marc:subfield></marc:datafield><marc:datafield tag="260" ind1=" " ind2=" "><marc:subfield code="a">Redhill :</marc:subfield><marc:subfield code="b">Naxos AudioBooks,</marc:subfield><marc:subfield code="c">2008.</marc:subfield></marc:datafield><marc:datafield tag="300" ind1=" " ind2=" "><marc:subfield code="a">4 CD-äänilevyä (4h 75 min)</marc:subfield></marc:datafield><marc:datafield tag="336" ind1=" " ind2=" "><marc:subfield code="a">puhe</marc:subfield><marc:subfield code="b">spw</marc:subfield><marc:subfield code="2">rdacontent</marc:subfield></marc:datafield><marc:datafield tag="337" ind1=" " ind2=" "><marc:subfield code="a">audio</marc:subfield><marc:subfield code="b">s</marc:subfield><marc:subfield code="2">rdamedia</marc:subfield></marc:datafield><marc:datafield tag="338" ind1=" " ind2=" "><marc:subfield code="a">äänilevy</marc:subfield><marc:subfield code="b">sd</marc:subfield><marc:subfield code="2">rdacarrier</marc:subfield></marc:datafield><marc:datafield tag="511" ind1="0" ind2=" "><marc:subfield code="a">Read by Rupert Degas.</marc:subfield></marc:datafield><marc:datafield tag="655" ind1=" " ind2="7"><marc:subfield code="a">matkakirjallisuus</marc:subfield><marc:subfield code="2">slm/fin</marc:subfield><marc:subfield code="0">http://urn.fi/URN:NBN:fi:au:slm:s521</marc:subfield></marc:datafield><marc:datafield tag="655" ind1=" " ind2="7"><marc:subfield code="a">reselitteratur</marc:subfield><marc:subfield code="2">slm/swe</marc:subfield><marc:subfield code="0">http://urn.fi/URN:NBN:fi:au:slm:s521</marc:subfield></marc:datafield><marc:datafield tag="655" ind1=" " ind2="7"><marc:subfield code="a">psykologiset romaanit</marc:subfield><marc:subfield code="2">slm/fin</marc:subfield><marc:subfield code="0">http://urn.fi/URN:NBN:fi:au:slm:s604</marc:subfield></marc:datafield><marc:datafield tag="655" ind1=" " ind2="7"><marc:subfield code="a">psykologiska romaner</marc:subfield><marc:subfield code="2">slm/swe</marc:subfield><marc:subfield code="0">http://urn.fi/URN:NBN:fi:au:slm:s604</marc:subfield></marc:datafield><marc:datafield tag="655" ind1=" " ind2="7"><marc:subfield code="a">äänikirjat</marc:subfield><marc:subfield code="2">slm/fin</marc:subfield><marc:subfield code="0">http://urn.fi/URN:NBN:fi:au:slm:s579</marc:subfield></marc:datafield><marc:datafield tag="655" ind1=" " ind2="7"><marc:subfield code="a">ljudböcker</marc:subfield><marc:subfield code="2">slm/swe</marc:subfield><marc:subfield code="0">http://urn.fi/URN:NBN:fi:au:slm:s579</marc:subfield></marc:datafield><marc:datafield tag="700" ind1="1" ind2=" "><marc:subfield code="a">Degas, Rupert,</marc:subfield><marc:subfield code="e">esittäjä.</marc:subfield></marc:datafield><marc:datafield tag="908" ind1=" " ind2=" "><marc:subfield code="a">xxu</marc:subfield></marc:datafield></marc:record>