
<marc:record><marc:leader>03409cgm a22006734i 4500</marc:leader>
<marc:controlfield tag="001">007203183</marc:controlfield>
<marc:controlfield tag="003">FI-MELINDA</marc:controlfield><marc:controlfield tag="005">20210513001751.0</marc:controlfield><marc:controlfield tag="007">vd|cv||||</marc:controlfield><marc:controlfield tag="008">120508r20122010fi ||| g     |    vleng|c</marc:controlfield><marc:datafield tag="024" ind1="3" ind2=" "><marc:subfield code="a">5051895147429</marc:subfield></marc:datafield><marc:datafield tag="024" ind1="3" ind2=" "><marc:subfield code="a">5051895147412</marc:subfield></marc:datafield><marc:datafield tag="028" ind1="4" ind2="1"><marc:subfield code="b">WB</marc:subfield><marc:subfield code="a">5000137309</marc:subfield></marc:datafield><marc:datafield tag="028" ind1="4" ind2="1"><marc:subfield code="b">WB</marc:subfield><marc:subfield code="a">1000276060</marc:subfield></marc:datafield><marc:datafield tag="028" ind1="4" ind2="2"><marc:subfield code="a">5000137309</marc:subfield></marc:datafield><marc:datafield tag="028" ind1="4" ind2="2"><marc:subfield code="a">1000276060</marc:subfield></marc:datafield><marc:datafield tag="028" ind1="4" ind2="1"><marc:subfield code="b">Warner Bros. Entertainment Finland [jakaja]</marc:subfield><marc:subfield code="a">5000137309</marc:subfield></marc:datafield><marc:datafield tag="028" ind1="0" ind2="1"><marc:subfield code="b">Warner Bros. Entertainment Finland [jakaja]</marc:subfield><marc:subfield code="a">1000276060</marc:subfield></marc:datafield><marc:datafield tag="035" ind1=" " ind2=" "><marc:subfield code="a">(FI-MELINDA)007203183</marc:subfield></marc:datafield><marc:datafield tag="040" ind1=" " ind2=" "><marc:subfield code="b">fin</marc:subfield></marc:datafield><marc:datafield tag="041" ind1="0" ind2=" "><marc:subfield code="a">eng</marc:subfield><marc:subfield code="a">fre</marc:subfield><marc:subfield code="a">pol</marc:subfield><marc:subfield code="j">fin</marc:subfield><marc:subfield code="j">swe</marc:subfield><marc:subfield code="j">dan</marc:subfield><marc:subfield code="j">nor</marc:subfield><marc:subfield code="j">dut</marc:subfield><marc:subfield code="j">fre</marc:subfield><marc:subfield code="j">gre</marc:subfield><marc:subfield code="j">hun</marc:subfield><marc:subfield code="j">pol</marc:subfield><marc:subfield code="j">por</marc:subfield><marc:subfield code="j">rum</marc:subfield><marc:subfield code="j">tur</marc:subfield><marc:subfield code="j">eng</marc:subfield></marc:datafield><marc:datafield tag="049" ind1=" " ind2=" "><marc:subfield code="c">S</marc:subfield></marc:datafield><marc:datafield tag="084" ind1=" " ind2=" "><marc:subfield code="a">84.2</marc:subfield><marc:subfield code="2">ykl</marc:subfield></marc:datafield><marc:datafield tag="084" ind1=" " ind2=" "><marc:subfield code="a">84.5</marc:subfield><marc:subfield code="2">ykl</marc:subfield></marc:datafield><marc:datafield tag="130" ind1="4" ind2=" "><marc:subfield code="a">The Sunset Limited.</marc:subfield></marc:datafield><marc:datafield tag="245" ind1="1" ind2="4"><marc:subfield code="a">The Sunset Limited /</marc:subfield><marc:subfield code="c">producer: Barbara A. Hall ; written by Cormac McCarthy ; directed by Tommy Lee Jones.</marc:subfield></marc:datafield><marc:datafield tag="260" ind1=" " ind2=" "><marc:subfield code="a">[Helsinki] :</marc:subfield><marc:subfield code="b">Warner Bros. Entertainment Finland [jakaja],</marc:subfield><marc:subfield code="c">[2012]</marc:subfield></marc:datafield><marc:datafield tag="300" ind1=" " ind2=" "><marc:subfield code="a">1 DVD-videolevy (87 min) :</marc:subfield><marc:subfield code="b">värillinen</marc:subfield></marc:datafield><marc:datafield tag="336" ind1=" " ind2=" "><marc:subfield code="a">kaksiulotteinen liikkuva kuva</marc:subfield><marc:subfield code="b">tdi</marc:subfield><marc:subfield code="2">rdacontent</marc:subfield></marc:datafield><marc:datafield tag="337" ind1=" " ind2=" "><marc:subfield code="a">video</marc:subfield><marc:subfield code="b">v</marc:subfield><marc:subfield code="2">rdamedia</marc:subfield></marc:datafield><marc:datafield tag="338" ind1=" " ind2=" "><marc:subfield code="a">videolevy</marc:subfield><marc:subfield code="b">vd</marc:subfield><marc:subfield code="2">rdacarrier</marc:subfield></marc:datafield><marc:datafield tag="500" ind1=" " ind2=" "><marc:subfield code="a">Perustuu Cormac McCarthyn näytelmään.</marc:subfield></marc:datafield><marc:datafield tag="500" ind1=" " ind2=" "><marc:subfield code="a">Alkuperäistuotanto: HBO Films : Javelina Film Company, 2011.</marc:subfield></marc:datafield><marc:datafield tag="505" ind1="0" ind2=" "><marc:subfield code="a">Lisämateriaali: The making of The Sunset Limited : a behind-the-scenes look at the making of The Sunset Limited featuring interviews with the cast and crew ; Audio commentary with executive producer/director Tommy Lee Jones, writer Cormac McCarthy and Samuel Jackson.</marc:subfield></marc:datafield><marc:datafield tag="508" ind1=" " ind2=" "><marc:subfield code="a">Production designer: Merideth Boswell ; music by Marco Beltrami ; editor: Roberto Silvi ; director of photography: Paul Elliott.</marc:subfield></marc:datafield><marc:datafield tag="511" ind1="0" ind2=" "><marc:subfield code="a">Pääosissa: Samuel L. Jackson, Tommy Lee Jones.</marc:subfield></marc:datafield><marc:datafield tag="534" ind1=" " ind2=" "><marc:subfield code="p">Alun perin julkaistu:</marc:subfield><marc:subfield code="c">HBO Films : Javelina Film Company, 2010.</marc:subfield></marc:datafield><marc:datafield tag="534" ind1=" " ind2=" "><marc:subfield code="p">Alun perin julkaistu:</marc:subfield><marc:subfield code="c">HBO Films : Javelina Film Company, 2011.</marc:subfield></marc:datafield><marc:datafield tag="546" ind1=" " ind2=" "><marc:subfield code="a">Vaihtoehtoiset ääniraidat: englanti, ranska, puola ; tekstitys: suomi, ruotsi, tanska, norja, hollanti, ranska, kreikka, unkari, puola, portugali, romania, turkki sekä englanti kuulovammaisille.</marc:subfield></marc:datafield><marc:datafield tag="546" ind1=" " ind2=" "><marc:subfield code="a">Ääniraita: englanti, ranska, puola ; tekstitys: suomi, ruotsi, tanska, norja, hollanti, ranska, kreikka, unkari, puola, portugali, romania, turkki sekä englanti kuulovammaisille.</marc:subfield></marc:datafield><marc:datafield tag="650" ind1=" " ind2="7"><marc:subfield code="a">elokuvat</marc:subfield><marc:subfield code="z">Yhdysvallat</marc:subfield><marc:subfield code="y">2010-luku</marc:subfield><marc:subfield code="2">kaunokki</marc:subfield></marc:datafield><marc:datafield tag="650" ind1=" " ind2="7"><marc:subfield code="a">filmatisointi</marc:subfield><marc:subfield code="x">näytelmät</marc:subfield><marc:subfield code="2">kaunokki</marc:subfield></marc:datafield><marc:datafield tag="650" ind1=" " ind2="7"><marc:subfield code="a">itsemurhayritykset</marc:subfield><marc:subfield code="2">kaunokki</marc:subfield></marc:datafield><marc:datafield tag="650" ind1=" " ind2="7"><marc:subfield code="a">keskustelut</marc:subfield><marc:subfield code="x">elämänfilosofia</marc:subfield><marc:subfield code="2">kaunokki</marc:subfield></marc:datafield><marc:datafield tag="650" ind1=" " ind2="7"><marc:subfield code="a">elämänkatsomus</marc:subfield><marc:subfield code="2">kaunokki</marc:subfield></marc:datafield><marc:datafield tag="650" ind1=" " ind2="7"><marc:subfield code="a">vapautuneet vangit</marc:subfield><marc:subfield code="2">kaunokki</marc:subfield></marc:datafield><marc:datafield tag="650" ind1=" " ind2="7"><marc:subfield code="a">professorit</marc:subfield><marc:subfield code="2">kaunokki</marc:subfield></marc:datafield><marc:datafield tag="655" ind1=" " ind2="7"><marc:subfield code="a">televisioelokuvat</marc:subfield><marc:subfield code="2">slm/fin</marc:subfield><marc:subfield code="0">http://urn.fi/URN:NBN:fi:au:slm:s549</marc:subfield></marc:datafield><marc:datafield tag="655" ind1=" " ind2="7"><marc:subfield code="a">psykologiset elokuvat</marc:subfield><marc:subfield code="2">slm/fin</marc:subfield><marc:subfield code="0">http://urn.fi/URN:NBN:fi:au:slm:s188</marc:subfield></marc:datafield><marc:datafield tag="655" ind1=" " ind2="7"><marc:subfield code="a">tv-filmer</marc:subfield><marc:subfield code="2">slm/swe</marc:subfield><marc:subfield code="0">http://urn.fi/URN:NBN:fi:au:slm:s549</marc:subfield></marc:datafield><marc:datafield tag="655" ind1=" " ind2="7"><marc:subfield code="a">psykologiska filmer</marc:subfield><marc:subfield code="2">slm/swe</marc:subfield><marc:subfield code="0">http://urn.fi/URN:NBN:fi:au:slm:s188</marc:subfield></marc:datafield><marc:datafield tag="700" ind1="1" ind2=" "><marc:subfield code="a">McCarthy, Cormac,</marc:subfield><marc:subfield code="e">käsikirjoittaja.</marc:subfield></marc:datafield><marc:datafield tag="700" ind1="1" ind2=" "><marc:subfield code="a">Hall, Barbara A.,</marc:subfield><marc:subfield code="e">tuottaja.</marc:subfield></marc:datafield><marc:datafield tag="700" ind1="1" ind2=" "><marc:subfield code="a">Elliott, Paul,</marc:subfield><marc:subfield code="e">kuvaaja.</marc:subfield></marc:datafield><marc:datafield tag="700" ind1="1" ind2=" "><marc:subfield code="a">Silvi, Roberto,</marc:subfield><marc:subfield code="e">leikkaaja.</marc:subfield></marc:datafield><marc:datafield tag="700" ind1="1" ind2=" "><marc:subfield code="a">Boswell, Merideth,</marc:subfield><marc:subfield code="e">lavastaja.</marc:subfield></marc:datafield><marc:datafield tag="700" ind1="1" ind2=" "><marc:subfield code="a">Beltrami, Marco,</marc:subfield><marc:subfield code="e">säveltäjä.</marc:subfield></marc:datafield><marc:datafield tag="700" ind1="1" ind2=" "><marc:subfield code="a">Jackson, Samuel L.,</marc:subfield><marc:subfield code="e">näyttelijä.</marc:subfield></marc:datafield><marc:datafield tag="700" ind1="1" ind2=" "><marc:subfield code="a">Jones, Tommy Lee,</marc:subfield><marc:subfield code="e">näyttelijä,</marc:subfield><marc:subfield code="e">ohjaaja.</marc:subfield></marc:datafield></marc:record>