
<marc:record><marc:leader>03170cgm a22007218i 4500</marc:leader>
<marc:controlfield tag="001">007216391</marc:controlfield>
<marc:controlfield tag="003">FI-MELINDA</marc:controlfield><marc:controlfield tag="005">20210507104135.0</marc:controlfield><marc:controlfield tag="007">vd|cv||||</marc:controlfield><marc:controlfield tag="008">140524r20142013fi ||| g     |    v|eng||</marc:controlfield><marc:datafield tag="024" ind1="3" ind2=" "><marc:subfield code="a">7340112708207</marc:subfield></marc:datafield><marc:datafield tag="024" ind1="3" ind2=" "><marc:subfield code="a">7340112706838</marc:subfield></marc:datafield><marc:datafield tag="024" ind1="3" ind2=" "><marc:subfield code="a">7340112706821</marc:subfield></marc:datafield><marc:datafield tag="028" ind1="4" ind2="2"><marc:subfield code="b">20th Century Fox</marc:subfield><marc:subfield code="a">FP30257382</marc:subfield></marc:datafield><marc:datafield tag="028" ind1="4" ind2="2"><marc:subfield code="b">20th Century Fox</marc:subfield><marc:subfield code="a">F4-SFIR57382</marc:subfield></marc:datafield><marc:datafield tag="028" ind1="4" ind2="2"><marc:subfield code="a">FP30257382</marc:subfield></marc:datafield><marc:datafield tag="028" ind1="4" ind2="1"><marc:subfield code="b">Fox-Paramount Home Entertainment [jakaja]</marc:subfield><marc:subfield code="a">FP30257382</marc:subfield></marc:datafield><marc:datafield tag="028" ind1="0" ind2="1"><marc:subfield code="b">Fox-Paramount Home Entertainment [jakaja]</marc:subfield><marc:subfield code="a">FP90157382</marc:subfield></marc:datafield><marc:datafield tag="028" ind1="0" ind2="1"><marc:subfield code="a">F4-SSCA57382</marc:subfield></marc:datafield><marc:datafield tag="035" ind1=" " ind2=" "><marc:subfield code="a">(FI-MELINDA)007216391</marc:subfield></marc:datafield><marc:datafield tag="040" ind1=" " ind2=" "><marc:subfield code="b">fin</marc:subfield></marc:datafield><marc:datafield tag="041" ind1="1" ind2=" "><marc:subfield code="a">eng</marc:subfield><marc:subfield code="a">spa</marc:subfield><marc:subfield code="a">ita</marc:subfield><marc:subfield code="a">rus</marc:subfield><marc:subfield code="a">ukr</marc:subfield><marc:subfield code="j">fin</marc:subfield><marc:subfield code="j">swe</marc:subfield><marc:subfield code="j">nor</marc:subfield><marc:subfield code="j">dan</marc:subfield><marc:subfield code="j">spa</marc:subfield><marc:subfield code="j">ita</marc:subfield><marc:subfield code="j">rus</marc:subfield><marc:subfield code="j">est</marc:subfield><marc:subfield code="j">lav</marc:subfield><marc:subfield code="j">lit</marc:subfield><marc:subfield code="j">ukr</marc:subfield><marc:subfield code="j">eng</marc:subfield><marc:subfield code="h">eng</marc:subfield></marc:datafield><marc:datafield tag="049" ind1=" " ind2=" "><marc:subfield code="c">K16</marc:subfield></marc:datafield><marc:datafield tag="084" ind1=" " ind2=" "><marc:subfield code="a">84.2</marc:subfield><marc:subfield code="2">ykl</marc:subfield></marc:datafield><marc:datafield tag="084" ind1="9" ind2=" "><marc:subfield code="a">Jännitys</marc:subfield><marc:subfield code="2">ykl</marc:subfield></marc:datafield><marc:datafield tag="130" ind1="4" ind2=" "><marc:subfield code="a">The counselor.</marc:subfield></marc:datafield><marc:datafield tag="245" ind1="1" ind2="4"><marc:subfield code="a">The counselor /</marc:subfield><marc:subfield code="c">produced by Ridley Scott, Paula Mae Schwartz, Steve Schwartz, Nick Wechsler ; written by Cormac McCarthy ; directed by Ridley Scott.</marc:subfield></marc:datafield><marc:datafield tag="260" ind1=" " ind2=" "><marc:subfield code="a">[Helsinki] :</marc:subfield><marc:subfield code="b">Fox-Paramount Home Entertainment [jakaja],</marc:subfield><marc:subfield code="c">[2014]</marc:subfield></marc:datafield><marc:datafield tag="300" ind1=" " ind2=" "><marc:subfield code="a">1 DVD-videolevy (1 h 52 min) :</marc:subfield><marc:subfield code="b">värillinen</marc:subfield></marc:datafield><marc:datafield tag="336" ind1=" " ind2=" "><marc:subfield code="a">kaksiulotteinen liikkuva kuva</marc:subfield><marc:subfield code="b">tdi</marc:subfield><marc:subfield code="2">rdacontent</marc:subfield></marc:datafield><marc:datafield tag="337" ind1=" " ind2=" "><marc:subfield code="a">video</marc:subfield><marc:subfield code="b">v</marc:subfield><marc:subfield code="2">rdamedia</marc:subfield></marc:datafield><marc:datafield tag="338" ind1=" " ind2=" "><marc:subfield code="a">videolevy</marc:subfield><marc:subfield code="b">vd</marc:subfield><marc:subfield code="2">rdacarrier</marc:subfield></marc:datafield><marc:datafield tag="506" ind1="1" ind2=" "><marc:subfield code="a">Kielletty alle 16-vuotiailta.</marc:subfield></marc:datafield><marc:datafield tag="511" ind1="0" ind2=" "><marc:subfield code="a">Pääosissa: Brad Pitt, Michael Fassbender, Penélope Cruz, Cameron Diaz, Javier Bardem.</marc:subfield></marc:datafield><marc:datafield tag="534" ind1=" " ind2=" "><marc:subfield code="p">Alun perin julkaistu:</marc:subfield><marc:subfield code="c">Fox 2000 Pictures, 2013.</marc:subfield></marc:datafield><marc:datafield tag="540" ind1=" " ind2=" "><marc:subfield code="a">Lainausoikeus.</marc:subfield></marc:datafield><marc:datafield tag="546" ind1=" " ind2=" "><marc:subfield code="a">Vaihtoehtoiset ääniraidat: englanti, espanja, italia, venäjä, ukraina ; tekstitys: suomi, ruotsi, tanska, norja, espanja, italia, venäjä, viro, ukraina, latvia, liettua sekä englanti kuulovammaisille.</marc:subfield></marc:datafield><marc:datafield tag="546" ind1=" " ind2=" "><marc:subfield code="a">Tekstitys: suomi, ruotsi, englanti.</marc:subfield></marc:datafield><marc:datafield tag="650" ind1=" " ind2="7"><marc:subfield code="a">huumekauppa</marc:subfield><marc:subfield code="2">kaunokki</marc:subfield></marc:datafield><marc:datafield tag="650" ind1=" " ind2="7"><marc:subfield code="a">kartellit</marc:subfield><marc:subfield code="x">huumeet</marc:subfield><marc:subfield code="2">kaunokki</marc:subfield></marc:datafield><marc:datafield tag="650" ind1=" " ind2="7"><marc:subfield code="a">huumekauppiaat</marc:subfield><marc:subfield code="2">kaunokki</marc:subfield></marc:datafield><marc:datafield tag="650" ind1=" " ind2="7"><marc:subfield code="a">juristit</marc:subfield><marc:subfield code="2">kaunokki</marc:subfield></marc:datafield><marc:datafield tag="655" ind1=" " ind2="7"><marc:subfield code="a">rikoselokuvat</marc:subfield><marc:subfield code="2">slm/fin</marc:subfield><marc:subfield code="0">http://urn.fi/URN:NBN:fi:au:slm:s1161</marc:subfield></marc:datafield><marc:datafield tag="655" ind1=" " ind2="7"><marc:subfield code="a">jännityselokuvat</marc:subfield><marc:subfield code="2">slm/fin</marc:subfield><marc:subfield code="0">http://urn.fi/URN:NBN:fi:au:slm:s607</marc:subfield></marc:datafield><marc:datafield tag="655" ind1=" " ind2="7"><marc:subfield code="a">kriminalfilmer</marc:subfield><marc:subfield code="2">slm/swe</marc:subfield><marc:subfield code="0">http://urn.fi/URN:NBN:fi:au:slm:s1161</marc:subfield></marc:datafield><marc:datafield tag="655" ind1=" " ind2="7"><marc:subfield code="a">thrillers (filmer)</marc:subfield><marc:subfield code="2">slm/swe</marc:subfield><marc:subfield code="0">http://urn.fi/URN:NBN:fi:au:slm:s607</marc:subfield></marc:datafield><marc:datafield tag="655" ind1=" " ind2="7"><marc:subfield code="a">elokuvat</marc:subfield><marc:subfield code="z">Yhdysvallat</marc:subfield><marc:subfield code="z">Iso-Britannia</marc:subfield><marc:subfield code="y">2010-luku</marc:subfield><marc:subfield code="2">kaunokki</marc:subfield></marc:datafield><marc:datafield tag="700" ind1="1" ind2=" "><marc:subfield code="a">McCarthy, Cormac,</marc:subfield><marc:subfield code="e">käsikirjoittaja.</marc:subfield></marc:datafield><marc:datafield tag="700" ind1="1" ind2=" "><marc:subfield code="a">Schwartz, Paula Mae,</marc:subfield><marc:subfield code="e">tuottaja.</marc:subfield></marc:datafield><marc:datafield tag="700" ind1="1" ind2=" "><marc:subfield code="a">Schwartz, Steve,</marc:subfield><marc:subfield code="e">tuottaja.</marc:subfield></marc:datafield><marc:datafield tag="700" ind1="1" ind2=" "><marc:subfield code="a">Wechsler, Nick,</marc:subfield><marc:subfield code="e">tuottaja.</marc:subfield></marc:datafield><marc:datafield tag="700" ind1="1" ind2=" "><marc:subfield code="a">Wolski, Dariusz,</marc:subfield><marc:subfield code="e">kuvaaja.</marc:subfield></marc:datafield><marc:datafield tag="700" ind1="1" ind2=" "><marc:subfield code="a">Scalia, Pietro,</marc:subfield><marc:subfield code="e">leikkaaja.</marc:subfield></marc:datafield><marc:datafield tag="700" ind1="1" ind2=" "><marc:subfield code="a">Pemberton, Daniel,</marc:subfield><marc:subfield code="e">säveltäjä.</marc:subfield></marc:datafield><marc:datafield tag="700" ind1="1" ind2=" "><marc:subfield code="a">Pitt, Brad,</marc:subfield><marc:subfield code="e">näyttelijä.</marc:subfield></marc:datafield><marc:datafield tag="700" ind1="1" ind2=" "><marc:subfield code="a">Bardem, Javier,</marc:subfield><marc:subfield code="e">näyttelijä.</marc:subfield></marc:datafield><marc:datafield tag="700" ind1="1" ind2=" "><marc:subfield code="a">Fassbender, Michael,</marc:subfield><marc:subfield code="e">näyttelijä.</marc:subfield></marc:datafield><marc:datafield tag="700" ind1="1" ind2=" "><marc:subfield code="a">Diaz, Cameron,</marc:subfield><marc:subfield code="e">näyttelijä.</marc:subfield></marc:datafield><marc:datafield tag="700" ind1="1" ind2=" "><marc:subfield code="a">Cruz, Penélope,</marc:subfield><marc:subfield code="e">näyttelijä.</marc:subfield></marc:datafield><marc:datafield tag="700" ind1="1" ind2=" "><marc:subfield code="a">Scott, Ridley,</marc:subfield><marc:subfield code="e">ohjaaja,</marc:subfield><marc:subfield code="e">tuottaja.</marc:subfield></marc:datafield><marc:datafield tag="856" ind1="4" ind2="2"><marc:subfield code="u">http://www.imdb.com/title/tt2193215/?ref_=fn_al_tt_2</marc:subfield><marc:subfield code="y">IMDb</marc:subfield></marc:datafield><marc:datafield tag="856" ind1="4" ind2="2"><marc:subfield code="u">http://www.elonet.fi/fi/elokuva/1533365</marc:subfield><marc:subfield code="y">Elonet</marc:subfield></marc:datafield><marc:datafield tag="856" ind1="4" ind2="2"><marc:subfield code="u">http://en.wikipedia.org/wiki/The_Counselor</marc:subfield><marc:subfield code="y">Wikipedia</marc:subfield></marc:datafield></marc:record>