
<marc:record><marc:leader>02350cjm a22005054i 4500</marc:leader>
<marc:controlfield tag="001">007308848</marc:controlfield>
<marc:controlfield tag="003">FI-MELINDA</marc:controlfield><marc:controlfield tag="005">20210521112040.0</marc:controlfield><marc:controlfield tag="007">sd|f||g|||m||d</marc:controlfield><marc:controlfield tag="008">130330s2013    xxkrc||g|||||||  |||eng|c</marc:controlfield><marc:datafield tag="024" ind1="3" ind2=" "><marc:subfield code="a">5034202029489</marc:subfield></marc:datafield><marc:datafield tag="024" ind1="3" ind2=" "><marc:subfield code="a">5034202029427</marc:subfield></marc:datafield><marc:datafield tag="028" ind1="0" ind2="1"><marc:subfield code="b">Domino Recordings</marc:subfield><marc:subfield code="a">WIGCD294S</marc:subfield></marc:datafield><marc:datafield tag="028" ind1="0" ind2="1"><marc:subfield code="b">Domino Recordings</marc:subfield><marc:subfield code="a">WIGCD294</marc:subfield></marc:datafield><marc:datafield tag="035" ind1=" " ind2=" "><marc:subfield code="a">(FI-MELINDA)007308848</marc:subfield></marc:datafield><marc:datafield tag="041" ind1="0" ind2=" "><marc:subfield code="d">eng</marc:subfield></marc:datafield><marc:datafield tag="084" ind1=" " ind2=" "><marc:subfield code="a">78.8911</marc:subfield><marc:subfield code="2">ykl</marc:subfield></marc:datafield><marc:datafield tag="084" ind1=" " ind2=" "><marc:subfield code="a">78.8912</marc:subfield><marc:subfield code="2">ykl</marc:subfield></marc:datafield><marc:datafield tag="110" ind1="2" ind2=" "><marc:subfield code="a">Villagers,</marc:subfield><marc:subfield code="e">esittäjä.</marc:subfield></marc:datafield><marc:datafield tag="245" ind1="1" ind2="0"><marc:subfield code="a">Awayland /</marc:subfield><marc:subfield code="c">Villagers.</marc:subfield></marc:datafield><marc:datafield tag="260" ind1=" " ind2=" "><marc:subfield code="a">London :</marc:subfield><marc:subfield code="b">Domino Recordings,</marc:subfield><marc:subfield code="c">p2013.</marc:subfield></marc:datafield><marc:datafield tag="300" ind1=" " ind2=" "><marc:subfield code="a">1 CD-äänilevy (43 min 8 s)</marc:subfield></marc:datafield><marc:datafield tag="336" ind1=" " ind2=" "><marc:subfield code="a">esitetty musiikki</marc:subfield><marc:subfield code="b">prm</marc:subfield><marc:subfield code="2">rdacontent</marc:subfield></marc:datafield><marc:datafield tag="337" ind1=" " ind2=" "><marc:subfield code="a">audio</marc:subfield><marc:subfield code="b">s</marc:subfield><marc:subfield code="2">rdamedia</marc:subfield></marc:datafield><marc:datafield tag="338" ind1=" " ind2=" "><marc:subfield code="a">äänilevy</marc:subfield><marc:subfield code="b">sd</marc:subfield><marc:subfield code="2">rdacarrier</marc:subfield></marc:datafield><marc:datafield tag="370" ind1=" " ind2=" "><marc:subfield code="8">1\u</marc:subfield><marc:subfield code="8">2\u</marc:subfield><marc:subfield code="g">Irlanti</marc:subfield><marc:subfield code="2">yso/fin</marc:subfield><marc:subfield code="0">http://www.yso.fi/onto/yso/p105195</marc:subfield></marc:datafield><marc:datafield tag="370" ind1=" " ind2=" "><marc:subfield code="8">1\u</marc:subfield><marc:subfield code="8">2\u</marc:subfield><marc:subfield code="g">Irland</marc:subfield><marc:subfield code="2">yso/swe</marc:subfield><marc:subfield code="0">http://www.yso.fi/onto/yso/p105195</marc:subfield></marc:datafield><marc:datafield tag="388" ind1=" " ind2=" "><marc:subfield code="8">1\u</marc:subfield><marc:subfield code="8">2\u</marc:subfield><marc:subfield code="a">2010-luku</marc:subfield><marc:subfield code="2">yso/fin</marc:subfield></marc:datafield><marc:datafield tag="500" ind1=" " ind2=" "><marc:subfield code="a">Laulujen sanat tekstiliitteessä.</marc:subfield></marc:datafield><marc:datafield tag="500" ind1=" " ind2=" "><marc:subfield code="a">Villagers: Conor J O'Brien (voc, g, perc, synt), Tommy McLaughlin (voc, g, mand), Cormac Curran (voc, p, org, synt), Daniel Snow (b), James Byrne (dr, perc) &amp; lisäksi Sean Mccarron (sax), Jacqueline McCarthy (fr-h), Arco String Quartet.</marc:subfield></marc:datafield><marc:datafield tag="500" ind1=" " ind2=" "><marc:subfield code="a">Conor J O'Brien (voc, g, perc, synt), Tommy McLaughlin (voc, g, mandolin), Cormac Curran (voc, p, organ, synt), Daniel Snow (b), James Byrne (dr, perc).</marc:subfield></marc:datafield><marc:datafield tag="511" ind1="0" ind2=" "><marc:subfield code="a">Kappaleiden sanat kansilehtisessä.</marc:subfield></marc:datafield><marc:datafield tag="648" ind1=" " ind2="7"><marc:subfield code="8">3\u</marc:subfield><marc:subfield code="a">2010-luku</marc:subfield><marc:subfield code="2">yso/fin</marc:subfield></marc:datafield><marc:datafield tag="650" ind1=" " ind2="7"><marc:subfield code="8">3\u</marc:subfield><marc:subfield code="a">laulaja-lauluntekijät</marc:subfield><marc:subfield code="2">yso/fin</marc:subfield><marc:subfield code="0">http://www.yso.fi/onto/yso/p2351</marc:subfield></marc:datafield><marc:datafield tag="650" ind1=" " ind2="7"><marc:subfield code="8">3\u</marc:subfield><marc:subfield code="a">singer-songwriters</marc:subfield><marc:subfield code="2">yso/swe</marc:subfield><marc:subfield code="0">http://www.yso.fi/onto/yso/p2351</marc:subfield></marc:datafield><marc:datafield tag="651" ind1=" " ind2="7"><marc:subfield code="8">3\u</marc:subfield><marc:subfield code="a">Irlanti</marc:subfield><marc:subfield code="2">yso/fin</marc:subfield><marc:subfield code="0">http://www.yso.fi/onto/yso/p105195</marc:subfield></marc:datafield><marc:datafield tag="651" ind1=" " ind2="7"><marc:subfield code="8">3\u</marc:subfield><marc:subfield code="a">Irland</marc:subfield><marc:subfield code="2">yso/swe</marc:subfield><marc:subfield code="0">http://www.yso.fi/onto/yso/p105195</marc:subfield></marc:datafield><marc:datafield tag="655" ind1=" " ind2="7"><marc:subfield code="8">1\u</marc:subfield><marc:subfield code="a">rock</marc:subfield><marc:subfield code="2">slm/fin</marc:subfield><marc:subfield code="0">http://urn.fi/URN:NBN:fi:au:slm:s1186</marc:subfield></marc:datafield><marc:datafield tag="655" ind1=" " ind2="7"><marc:subfield code="8">2\u</marc:subfield><marc:subfield code="a">folk rock</marc:subfield><marc:subfield code="2">slm/fin</marc:subfield><marc:subfield code="0">http://urn.fi/URN:NBN:fi:au:slm:s1145</marc:subfield></marc:datafield><marc:datafield tag="655" ind1=" " ind2="7"><marc:subfield code="8">1\u</marc:subfield><marc:subfield code="a">rock</marc:subfield><marc:subfield code="2">slm/swe</marc:subfield><marc:subfield code="0">http://urn.fi/URN:NBN:fi:au:slm:s1186</marc:subfield></marc:datafield><marc:datafield tag="655" ind1=" " ind2="7"><marc:subfield code="8">2\u</marc:subfield><marc:subfield code="a">folkrock (förstärkt)</marc:subfield><marc:subfield code="2">slm/swe</marc:subfield><marc:subfield code="0">http://urn.fi/URN:NBN:fi:au:slm:s1145</marc:subfield></marc:datafield><marc:datafield tag="700" ind1="1" ind2=" "><marc:subfield code="a">O'Brien, Conor J.,</marc:subfield><marc:subfield code="e">säveltäjä.</marc:subfield></marc:datafield><marc:datafield tag="700" ind1="1" ind2=" "><marc:subfield code="a">McCarron, Sean,</marc:subfield><marc:subfield code="e">esittäjä.</marc:subfield></marc:datafield><marc:datafield tag="700" ind1="1" ind2=" "><marc:subfield code="a">McCarthy, Jacqueline,</marc:subfield><marc:subfield code="e">esittäjä.</marc:subfield></marc:datafield><marc:datafield tag="710" ind1="2" ind2=" "><marc:subfield code="a">Arco String Quartet,</marc:subfield><marc:subfield code="e">esittäjä.</marc:subfield></marc:datafield></marc:record>