
<marc:record><marc:leader>01824cam a22003614i 4500</marc:leader>
<marc:controlfield tag="001">007553377</marc:controlfield>
<marc:controlfield tag="003">FI-MELINDA</marc:controlfield><marc:controlfield tag="005">20191112124433.0</marc:controlfield><marc:controlfield tag="008">150909s2014    xxu      b    001 0 eng  </marc:controlfield><marc:datafield tag="020" ind1=" " ind2=" "><marc:subfield code="a">978-0-415-50732-5</marc:subfield><marc:subfield code="q">hardback</marc:subfield></marc:datafield><marc:datafield tag="020" ind1=" " ind2=" "><marc:subfield code="a">0-415-50732-4</marc:subfield><marc:subfield code="q">hardback</marc:subfield></marc:datafield><marc:datafield tag="035" ind1=" " ind2=" "><marc:subfield code="a">(FI-MELINDA)007553377</marc:subfield></marc:datafield><marc:datafield tag="041" ind1="0" ind2=" "><marc:subfield code="a">eng</marc:subfield></marc:datafield><marc:datafield tag="050" ind1="0" ind2="0"><marc:subfield code="a">PS3563.C337</marc:subfield><marc:subfield code="b">Z595 2014</marc:subfield></marc:datafield><marc:datafield tag="100" ind1="1" ind2=" "><marc:subfield code="a">Broncano, Manuel,</marc:subfield><marc:subfield code="e">kirjoittaja.</marc:subfield></marc:datafield><marc:datafield tag="245" ind1="1" ind2="0"><marc:subfield code="a">Religion in Cormac McCarthy's fiction :</marc:subfield><marc:subfield code="b">apocryphal borderlands /</marc:subfield><marc:subfield code="c">Manuel Broncano.</marc:subfield></marc:datafield><marc:datafield tag="264" ind1=" " ind2="1"><marc:subfield code="a">New York, NY :</marc:subfield><marc:subfield code="b">Routledge,</marc:subfield><marc:subfield code="c">2014.</marc:subfield></marc:datafield><marc:datafield tag="300" ind1=" " ind2=" "><marc:subfield code="a">xv, 179 pages ;</marc:subfield><marc:subfield code="c">24 cm</marc:subfield></marc:datafield><marc:datafield tag="336" ind1=" " ind2=" "><marc:subfield code="a">teksti</marc:subfield><marc:subfield code="b">txt</marc:subfield><marc:subfield code="2">rdacontent</marc:subfield></marc:datafield><marc:datafield tag="337" ind1=" " ind2=" "><marc:subfield code="a">käytettävissä ilman laitetta</marc:subfield><marc:subfield code="b">n</marc:subfield><marc:subfield code="2">rdamedia</marc:subfield></marc:datafield><marc:datafield tag="338" ind1=" " ind2=" "><marc:subfield code="a">nide</marc:subfield><marc:subfield code="b">nc</marc:subfield><marc:subfield code="2">rdacarrier</marc:subfield></marc:datafield><marc:datafield tag="490" ind1="1" ind2=" "><marc:subfield code="a">Routledge studies in contemporary literature ;</marc:subfield><marc:subfield code="v">13</marc:subfield></marc:datafield><marc:datafield tag="504" ind1=" " ind2=" "><marc:subfield code="a">Includes bibliographical references (pages 147-170) and index.</marc:subfield></marc:datafield><marc:datafield tag="505" ind1="0" ind2=" "><marc:subfield code="a">Introduction: Cormac McCarthy's Religious Enigma -- The World as a Tale: Preliminary Considerations in Theory -- Genesis of a Cursed Territory: Blood Meridian -- Cicatrices and Wounds on the Skin of History: All the Pretty Horses -- Of Knights and Wolves and Witnesses: The Crossing -- The Virgin, the Whore, the Pimp, and the Monk: Cities of the Plain -- The Devil?s Territory Revisited: No Country for Old Men -- Grocery Shopping in the Commissary of Hell: The Road -- Epilogue: The Tale of a World that Was.</marc:subfield></marc:datafield><marc:datafield tag="530" ind1=" " ind2=" "><marc:subfield code="a">Julkaistu myös verkkoaineistona.</marc:subfield></marc:datafield><marc:datafield tag="600" ind1="1" ind2="4"><marc:subfield code="a">McCarthy, Cormac.</marc:subfield><marc:subfield code="x">Criticism and interpretation.</marc:subfield></marc:datafield><marc:datafield tag="600" ind1="1" ind2="4"><marc:subfield code="a">McCarthy, Cormac.</marc:subfield><marc:subfield code="x">Religion.</marc:subfield></marc:datafield><marc:datafield tag="630" ind1="0" ind2="0"><marc:subfield code="a">Bible</marc:subfield><marc:subfield code="x">In literature.</marc:subfield></marc:datafield><marc:datafield tag="650" ind1=" " ind2="0"><marc:subfield code="a">Theology in literature.</marc:subfield></marc:datafield><marc:datafield tag="650" ind1=" " ind2="0"><marc:subfield code="a">Nihilism in literature.</marc:subfield></marc:datafield><marc:datafield tag="650" ind1=" " ind2="0"><marc:subfield code="a">Good and evil in literature.</marc:subfield></marc:datafield><marc:datafield tag="776" ind1="0" ind2="8"><marc:subfield code="i">Verkkoaineisto:</marc:subfield><marc:subfield code="z">978-1-315-85131-0</marc:subfield></marc:datafield><marc:datafield tag="830" ind1=" " ind2="0"><marc:subfield code="a">Routledge studies in contemporary literature ;</marc:subfield><marc:subfield code="v">13.</marc:subfield></marc:datafield></marc:record>