
<marc:record><marc:leader>01565cam a22002655i 4500</marc:leader>
<marc:controlfield tag="001">009358774</marc:controlfield>
<marc:controlfield tag="003">FI-MELINDA</marc:controlfield><marc:controlfield tag="005">20201231043600.0</marc:controlfield><marc:controlfield tag="008">100917s2010    sw ||||      |00| f|swe||</marc:controlfield><marc:datafield tag="020" ind1=" " ind2=" "><marc:subfield code="a">978-91-0-011235-6</marc:subfield><marc:subfield code="q">inbunden</marc:subfield></marc:datafield><marc:datafield tag="024" ind1="8" ind2=" "><marc:subfield code="a">A1518574</marc:subfield></marc:datafield><marc:datafield tag="035" ind1=" " ind2=" "><marc:subfield code="a">(FI-MELINDA)009358774</marc:subfield></marc:datafield><marc:datafield tag="041" ind1="1" ind2=" "><marc:subfield code="a">swe</marc:subfield><marc:subfield code="h">eng</marc:subfield></marc:datafield><marc:datafield tag="084" ind1=" " ind2=" "><marc:subfield code="a">84.31</marc:subfield><marc:subfield code="2">ykl</marc:subfield></marc:datafield><marc:datafield tag="100" ind1="1" ind2=" "><marc:subfield code="a">McCarthy, Cormac.</marc:subfield></marc:datafield><marc:datafield tag="240" ind1="1" ind2="0"><marc:subfield code="a">Blood meridian or the evening redness in the west,</marc:subfield><marc:subfield code="l">svenska</marc:subfield></marc:datafield><marc:datafield tag="245" ind1="1" ind2="0"><marc:subfield code="a">Blodets meridian /</marc:subfield><marc:subfield code="c">Cormac McCarthy ; översättning av Ulf Gyllenhak.</marc:subfield></marc:datafield><marc:datafield tag="260" ind1=" " ind2=" "><marc:subfield code="a">Stockholm :</marc:subfield><marc:subfield code="b">Bonniers,</marc:subfield><marc:subfield code="c">2010.</marc:subfield></marc:datafield><marc:datafield tag="300" ind1=" " ind2=" "><marc:subfield code="a">415 s. ;</marc:subfield><marc:subfield code="c">22 cm</marc:subfield></marc:datafield><marc:datafield tag="336" ind1=" " ind2=" "><marc:subfield code="a">teksti</marc:subfield><marc:subfield code="b">txt</marc:subfield><marc:subfield code="2">rdacontent</marc:subfield></marc:datafield><marc:datafield tag="337" ind1=" " ind2=" "><marc:subfield code="a">käytettävissä ilman laitetta</marc:subfield><marc:subfield code="b">n</marc:subfield><marc:subfield code="2">rdamedia</marc:subfield></marc:datafield><marc:datafield tag="338" ind1=" " ind2=" "><marc:subfield code="a">nide</marc:subfield><marc:subfield code="b">nc</marc:subfield><marc:subfield code="2">rdacarrier</marc:subfield></marc:datafield><marc:datafield tag="500" ind1=" " ind2=" "><marc:subfield code="a">Detta är en vilda västern-berättelse, men knappast av det slag ni läst eller sett förut. I Blodets meridian kommer våldsamheten och utsattheten i 1800-talets amerikanska vildmark en så nära att språket nästan känns som en egen materia. Cormac McCarthy har byggt sin berättelse på en av 1800-talets många brottslegender, om ett gäng skalpjägare som undan för undan riktade våldet inte bara mot stridförande apacher, utan mot alla som kom i deras väg i Sonora-öknen mellan Texas och Mexico. Blodets meridian kom 1985 och anses av många som McCarthys bästa roman, en fascinerande kombination av historisk roman och filosofisk betraktelse, som pekar fram mot senare mer berömda verk som Gränstrilogin, Vägen och No Country for Old Men.</marc:subfield></marc:datafield><marc:datafield tag="700" ind1="1" ind2=" "><marc:subfield code="a">Gyllenhak, Ulf,</marc:subfield><marc:subfield code="e">kääntäjä.</marc:subfield></marc:datafield><marc:datafield tag="908" ind1=" " ind2=" "><marc:subfield code="a">us</marc:subfield></marc:datafield></marc:record>