
<marc:record><marc:leader>03372cgm a22007454i 4500</marc:leader>
<marc:controlfield tag="001">009593106</marc:controlfield>
<marc:controlfield tag="003">FI-MELINDA</marc:controlfield><marc:controlfield tag="005">20211008105156.0</marc:controlfield><marc:controlfield tag="007">vd||saizq</marc:controlfield><marc:controlfield tag="008">160524r20102009fi 111|g|||||  |||vleng|c</marc:controlfield><marc:datafield tag="024" ind1="3" ind2=" "><marc:subfield code="a">5706137698602</marc:subfield></marc:datafield><marc:datafield tag="024" ind1="3" ind2=" "><marc:subfield code="a">5706137798609</marc:subfield></marc:datafield><marc:datafield tag="028" ind1="4" ind2="1"><marc:subfield code="b">Paramount Home Entertainment</marc:subfield><marc:subfield code="a">FNS98608</marc:subfield></marc:datafield><marc:datafield tag="028" ind1="4" ind2="1"><marc:subfield code="b">Paramount Home Entertainment</marc:subfield><marc:subfield code="a">FNS98604</marc:subfield></marc:datafield><marc:datafield tag="035" ind1=" " ind2=" "><marc:subfield code="a">(FI-MELINDA)009593106</marc:subfield></marc:datafield><marc:datafield tag="041" ind1="1" ind2=" "><marc:subfield code="a">eng</marc:subfield><marc:subfield code="j">fin</marc:subfield><marc:subfield code="j">swe</marc:subfield><marc:subfield code="j">dan</marc:subfield><marc:subfield code="j">nor</marc:subfield><marc:subfield code="j">ice</marc:subfield><marc:subfield code="h">eng</marc:subfield></marc:datafield><marc:datafield tag="049" ind1=" " ind2=" "><marc:subfield code="c">K16</marc:subfield></marc:datafield><marc:datafield tag="084" ind1=" " ind2=" "><marc:subfield code="a">84.2</marc:subfield><marc:subfield code="2">ykl</marc:subfield></marc:datafield><marc:datafield tag="084" ind1="9" ind2=" "><marc:subfield code="a">Scifi</marc:subfield><marc:subfield code="2">ykl</marc:subfield></marc:datafield><marc:datafield tag="130" ind1="4" ind2=" "><marc:subfield code="a">The road.</marc:subfield></marc:datafield><marc:datafield tag="245" ind1="1" ind2="0"><marc:subfield code="a">Tie /</marc:subfield><marc:subfield code="c">directed by John Hillcoat ; screenplay by Joe Penhall ; produced by Nick Wechsler, Paula Mae Schwartz, Steve Schwartz.</marc:subfield></marc:datafield><marc:datafield tag="264" ind1=" " ind2="2"><marc:subfield code="a">[Helsinki] :</marc:subfield><marc:subfield code="b">Paramount Home Entertainment in Finland,</marc:subfield><marc:subfield code="c">[2010]</marc:subfield></marc:datafield><marc:datafield tag="300" ind1=" " ind2=" "><marc:subfield code="a">1 Blu-ray-videolevy (1 h 51 min) :</marc:subfield><marc:subfield code="b">värillinen, ääni</marc:subfield></marc:datafield><marc:datafield tag="336" ind1=" " ind2=" "><marc:subfield code="a">kaksiulotteinen liikkuva kuva</marc:subfield><marc:subfield code="b">tdi</marc:subfield><marc:subfield code="2">rdacontent</marc:subfield></marc:datafield><marc:datafield tag="337" ind1=" " ind2=" "><marc:subfield code="a">video</marc:subfield><marc:subfield code="b">v</marc:subfield><marc:subfield code="2">rdamedia</marc:subfield></marc:datafield><marc:datafield tag="338" ind1=" " ind2=" "><marc:subfield code="a">videolevy</marc:subfield><marc:subfield code="b">vd</marc:subfield><marc:subfield code="2">rdacarrier</marc:subfield></marc:datafield><marc:datafield tag="500" ind1=" " ind2=" "><marc:subfield code="a">Perustuu Cormac McCarthyn romaaniin.</marc:subfield></marc:datafield><marc:datafield tag="505" ind1="8" ind2=" "><marc:subfield code="a">Lisämateriaali: Deleted scenes ; Making of ; Directors commentary ; Trailers ; Sneakpreviews.</marc:subfield></marc:datafield><marc:datafield tag="506" ind1="1" ind2=" "><marc:subfield code="a">Kielletty alle 16-vuotiailta.</marc:subfield></marc:datafield><marc:datafield tag="511" ind1="0" ind2=" "><marc:subfield code="a">Pääosissa: Viggo Mortensen, Kodi Smit-McPhee, Robert Duvall, Guy Pearce, Charlize Theron.</marc:subfield></marc:datafield><marc:datafield tag="534" ind1=" " ind2=" "><marc:subfield code="p">Alun perin julkaistu:</marc:subfield><marc:subfield code="c">Dimension Films : 2929 Productions, 2009.</marc:subfield></marc:datafield><marc:datafield tag="546" ind1=" " ind2=" "><marc:subfield code="a">Ääniraita: englanti ; tekstitys: suomi, ruotsi, norja, tanska, islanti.</marc:subfield></marc:datafield><marc:datafield tag="650" ind1=" " ind2="7"><marc:subfield code="a">tuhon jälkeinen maailma</marc:subfield><marc:subfield code="2">kaunokki</marc:subfield><marc:subfield code="0">http://www.yso.fi/onto/kauno/p595</marc:subfield></marc:datafield><marc:datafield tag="650" ind1=" " ind2="7"><marc:subfield code="a">vanhempi-lapsisuhde</marc:subfield><marc:subfield code="x">isät</marc:subfield><marc:subfield code="x">pojat</marc:subfield><marc:subfield code="2">kaunokki</marc:subfield></marc:datafield><marc:datafield tag="650" ind1=" " ind2="7"><marc:subfield code="a">pako</marc:subfield><marc:subfield code="x">menneisyys</marc:subfield><marc:subfield code="2">kaunokki</marc:subfield></marc:datafield><marc:datafield tag="655" ind1=" " ind2="7"><marc:subfield code="a">tieteiselokuvat</marc:subfield><marc:subfield code="2">slm/fin</marc:subfield><marc:subfield code="0">http://urn.fi/URN:NBN:fi:au:slm:s1066</marc:subfield></marc:datafield><marc:datafield tag="655" ind1=" " ind2="7"><marc:subfield code="a">road moviet</marc:subfield><marc:subfield code="2">slm/fin</marc:subfield><marc:subfield code="0">http://urn.fi/URN:NBN:fi:au:slm:s368</marc:subfield></marc:datafield><marc:datafield tag="655" ind1=" " ind2="7"><marc:subfield code="a">dystopiat</marc:subfield><marc:subfield code="2">slm/fin</marc:subfield><marc:subfield code="0">http://urn.fi/URN:NBN:fi:au:slm:s1011</marc:subfield></marc:datafield><marc:datafield tag="655" ind1=" " ind2="7"><marc:subfield code="a">dystopier</marc:subfield><marc:subfield code="2">slm/swe</marc:subfield><marc:subfield code="0">http://urn.fi/URN:NBN:fi:au:slm:s1011</marc:subfield></marc:datafield><marc:datafield tag="655" ind1=" " ind2="7"><marc:subfield code="a">roadmovies</marc:subfield><marc:subfield code="2">slm/swe</marc:subfield><marc:subfield code="0">http://urn.fi/URN:NBN:fi:au:slm:s368</marc:subfield></marc:datafield><marc:datafield tag="655" ind1=" " ind2="7"><marc:subfield code="a">science fiction-filmer</marc:subfield><marc:subfield code="2">slm/swe</marc:subfield><marc:subfield code="0">http://urn.fi/URN:NBN:fi:au:slm:s1066</marc:subfield></marc:datafield><marc:datafield tag="655" ind1=" " ind2="7"><marc:subfield code="a">elokuvat</marc:subfield><marc:subfield code="z">Yhdysvallat</marc:subfield><marc:subfield code="y">2000-2009</marc:subfield><marc:subfield code="2">kaunokki</marc:subfield></marc:datafield><marc:datafield tag="655" ind1=" " ind2="7"><marc:subfield code="a">filmatisointi</marc:subfield><marc:subfield code="x">romaanit</marc:subfield><marc:subfield code="2">kaunokki</marc:subfield></marc:datafield><marc:datafield tag="700" ind1="1" ind2=" "><marc:subfield code="a">Hillcoat, John,</marc:subfield><marc:subfield code="e">ohjaaja.</marc:subfield></marc:datafield><marc:datafield tag="700" ind1="1" ind2=" "><marc:subfield code="i">Elokuvaversion perustana:</marc:subfield><marc:subfield code="a">McCarthy, Cormac.</marc:subfield><marc:subfield code="t">Road.</marc:subfield></marc:datafield><marc:datafield tag="700" ind1="1" ind2=" "><marc:subfield code="a">Penhall, Joe,</marc:subfield><marc:subfield code="e">käsikirjoittaja.</marc:subfield></marc:datafield><marc:datafield tag="700" ind1="1" ind2=" "><marc:subfield code="a">Wechsler, Nick,</marc:subfield><marc:subfield code="e">tuottaja.</marc:subfield></marc:datafield><marc:datafield tag="700" ind1="1" ind2=" "><marc:subfield code="a">Schwartz, Paula Mae,</marc:subfield><marc:subfield code="e">tuottaja.</marc:subfield></marc:datafield><marc:datafield tag="700" ind1="1" ind2=" "><marc:subfield code="a">Schwartz, Steve,</marc:subfield><marc:subfield code="e">tuottaja.</marc:subfield></marc:datafield><marc:datafield tag="700" ind1="1" ind2=" "><marc:subfield code="a">Aguirresarobe, Javier,</marc:subfield><marc:subfield code="e">kuvaaja.</marc:subfield></marc:datafield><marc:datafield tag="700" ind1="1" ind2=" "><marc:subfield code="a">Gregory, Jon,</marc:subfield><marc:subfield code="e">leikkaaja.</marc:subfield></marc:datafield><marc:datafield tag="700" ind1="1" ind2=" "><marc:subfield code="a">Kennedy, Chris,</marc:subfield><marc:subfield code="e">lavastaja.</marc:subfield></marc:datafield><marc:datafield tag="700" ind1="1" ind2=" "><marc:subfield code="a">Cave, Nick,</marc:subfield><marc:subfield code="e">säveltäjä.</marc:subfield></marc:datafield><marc:datafield tag="700" ind1="1" ind2=" "><marc:subfield code="a">Ellis, Warren,</marc:subfield><marc:subfield code="e">säveltäjä.</marc:subfield></marc:datafield><marc:datafield tag="700" ind1="1" ind2=" "><marc:subfield code="a">Mortensen, Viggo,</marc:subfield><marc:subfield code="e">näyttelijä.</marc:subfield></marc:datafield><marc:datafield tag="700" ind1="1" ind2=" "><marc:subfield code="a">Smit-McPhee, Kodi,</marc:subfield><marc:subfield code="e">näyttelijä.</marc:subfield></marc:datafield><marc:datafield tag="700" ind1="1" ind2=" "><marc:subfield code="a">Duvall, Robert,</marc:subfield><marc:subfield code="e">näyttelijä.</marc:subfield></marc:datafield><marc:datafield tag="700" ind1="1" ind2=" "><marc:subfield code="a">Pearce, Guy,</marc:subfield><marc:subfield code="e">näyttelijä.</marc:subfield></marc:datafield><marc:datafield tag="700" ind1="1" ind2=" "><marc:subfield code="a">Parker, Molly,</marc:subfield><marc:subfield code="e">näyttelijä.</marc:subfield></marc:datafield><marc:datafield tag="700" ind1="1" ind2=" "><marc:subfield code="a">Williams, Michael Kenneth,</marc:subfield><marc:subfield code="e">näyttelijä.</marc:subfield></marc:datafield><marc:datafield tag="700" ind1="1" ind2=" "><marc:subfield code="a">Dillahunt, Garret,</marc:subfield><marc:subfield code="e">näyttelijä.</marc:subfield></marc:datafield><marc:datafield tag="700" ind1="1" ind2=" "><marc:subfield code="a">Theron, Charlize,</marc:subfield><marc:subfield code="e">näyttelijä.</marc:subfield></marc:datafield><marc:datafield tag="856" ind1="4" ind2="2"><marc:subfield code="u">http://www.imdb.com/title/tt0898367/?ref_=fn_al_tt_5</marc:subfield><marc:subfield code="y">IMDb</marc:subfield></marc:datafield><marc:datafield tag="856" ind1="4" ind2="2"><marc:subfield code="u">http://www.afi.com/members/catalog/DetailView.aspx?s=&amp;Movie=64983</marc:subfield><marc:subfield code="y">AFI catalog</marc:subfield></marc:datafield><marc:datafield tag="856" ind1="4" ind2="2"><marc:subfield code="u">https://fi.wikipedia.org/wiki/Tie_%28elokuva%29</marc:subfield><marc:subfield code="y">Wikipedia</marc:subfield></marc:datafield></marc:record>