
<marc:record><marc:leader>04168cam a22004454i 4500</marc:leader>
<marc:controlfield tag="001">011547914</marc:controlfield>
<marc:controlfield tag="003">FI-MELINDA</marc:controlfield><marc:controlfield tag="005">20190704142651.0</marc:controlfield><marc:controlfield tag="008">171101s2016    xxu      b    001 0 eng c</marc:controlfield><marc:datafield tag="020" ind1=" " ind2=" "><marc:subfield code="a">978-1-5013-4177-9</marc:subfield><marc:subfield code="q">nidottu</marc:subfield></marc:datafield><marc:datafield tag="020" ind1=" " ind2=" "><marc:subfield code="a">978-1-5013-1911-2</marc:subfield><marc:subfield code="q">sidottu</marc:subfield></marc:datafield><marc:datafield tag="035" ind1=" " ind2=" "><marc:subfield code="a">(FI-MELINDA)011547914</marc:subfield></marc:datafield><marc:datafield tag="040" ind1=" " ind2=" "><marc:subfield code="b">mul</marc:subfield><marc:subfield code="e">rda</marc:subfield><marc:subfield code="d">FI-Ku</marc:subfield></marc:datafield><marc:datafield tag="041" ind1="0" ind2=" "><marc:subfield code="a">eng</marc:subfield></marc:datafield><marc:datafield tag="050" ind1="0" ind2="0"><marc:subfield code="a">PS3563.C337</marc:subfield><marc:subfield code="b">Z635 2016</marc:subfield></marc:datafield><marc:datafield tag="082" ind1="0" ind2="0"><marc:subfield code="a">813/.54</marc:subfield><marc:subfield code="2">23</marc:subfield></marc:datafield><marc:datafield tag="084" ind1=" " ind2=" "><marc:subfield code="a">LIT000000</marc:subfield><marc:subfield code="a">LIT004020</marc:subfield><marc:subfield code="2">bisacsh</marc:subfield></marc:datafield><marc:datafield tag="245" ind1="0" ind2="0"><marc:subfield code="a">Cormac McCarthy's borders and landscapes /</marc:subfield><marc:subfield code="c">edited by Louise Jillett.</marc:subfield></marc:datafield><marc:datafield tag="250" ind1=" " ind2=" "><marc:subfield code="a">First edition.</marc:subfield></marc:datafield><marc:datafield tag="264" ind1=" " ind2="1"><marc:subfield code="a">New York :</marc:subfield><marc:subfield code="b">Bloomsbury Academic,</marc:subfield><marc:subfield code="c">2016.</marc:subfield></marc:datafield><marc:datafield tag="300" ind1=" " ind2=" "><marc:subfield code="a">246 sivua</marc:subfield></marc:datafield><marc:datafield tag="336" ind1=" " ind2=" "><marc:subfield code="a">teksti</marc:subfield><marc:subfield code="b">txt</marc:subfield><marc:subfield code="2">rdacontent</marc:subfield></marc:datafield><marc:datafield tag="337" ind1=" " ind2=" "><marc:subfield code="a">käytettävissä ilman laitetta</marc:subfield><marc:subfield code="b">n</marc:subfield><marc:subfield code="2">rdamedia</marc:subfield></marc:datafield><marc:datafield tag="338" ind1=" " ind2=" "><marc:subfield code="a">nide</marc:subfield><marc:subfield code="b">nc</marc:subfield><marc:subfield code="2">rdacarrier</marc:subfield></marc:datafield><marc:datafield tag="500" ind1=" " ind2=" "><marc:subfield code="a">Lisäpainokset: Paperback edition first published 2018.</marc:subfield></marc:datafield><marc:datafield tag="504" ind1=" " ind2=" "><marc:subfield code="a">Includes bibliographical references and index.</marc:subfield></marc:datafield><marc:datafield tag="505" ind1="0" ind2=" "><marc:subfield code="a">Frontier Violence -- 1. Doomed Enterprises at Caborca: The Henry Crabb Expedition of 1857 and McCarthy's Unquiet American Boys / Dianne Luce -- 2. Creatureliness and Justice in Cormac McCarthy's All the Pretty Horses / Lucy Neave -- 3. Terra Damnata: The Anticosmic Mysticism of Blood Meridian / Petra Mundik -- Comparative Literature and Landscape -- 4. 'Knowledge Was Never a Matter of Geography': Patrick White and Cormac McCarthy / Jan Nordby Gretlund -- 5. McCarthy, W.G. Sebald and A.N. Whitehead: Metaphysical Prose / Tom Lee -- 6. Cormac McCarthy and Tim Winton: Working 'From the Ecosystem Up' / Joel Found -- Bioregionalism and Nomadism in McCarthy's Western Literature -- 7. The Blood of a Nomad: Environmental Stylistics and All the Pretty Horses / Dave Gugin -- 8. Baroque Meridians: Between Myth and Actuality on the American Frontier / Kate Montague -- 9. Cormac McCarthy's Topologies of Violence / Katja Rebmann -- Liminal Thresholds -- 10. Textual Borders in Cormac McCarthy's Novels: The Poetics of Paragraph Breaks in The Road / Beatrice Trotignon -- 11. Flânerie, Vagrancy and Voluntary Exile in Cormac McCarthy's Suttree / Louise Jillett -- 12. Suttree, Joyce, and Flaubert / Anthony Uhlmann -- Interdisciplinary Approaches -- 13. Western Scourge: Myth, Language and Law in Blood Meridian and Deadwood / Paul Sheehan -- 14. McCarthy's Time Image / David Otto Fitzgerald -- 15. What's Wrong With What's Wrong With The Counselor / Peter Josyph.</marc:subfield></marc:datafield><marc:datafield tag="520" ind1=" " ind2=" "><marc:subfield code="a">'Cormac McCarthy's work is attracting an increasing number of scholars and critics from a range of disciplines within the humanities and beyond, from political philosophy to linguistics and from musicology to various branches of the sciences. Cormac McCarthy's Borders and Landscapes contributes to this developing field of research, investigating the way McCarthy's writings speak to other works within the broader fields of American literature, international literature, border literature, and other forms of comparative literature. It also explores McCarthy's literary antecedents and the movements out of which his work has emerged, such as modernism, romanticism, naturalism, eco-criticism, genre-based literature (western, southern gothic), folkloric traditions and mythology. '--</marc:subfield><marc:subfield code="c">Provided by publisher.</marc:subfield></marc:datafield><marc:datafield tag="600" ind1="1" ind2="4"><marc:subfield code="a">McCarthy, Cormac,</marc:subfield><marc:subfield code="x">Criticism and interpretation.</marc:subfield></marc:datafield><marc:datafield tag="650" ind1=" " ind2="0"><marc:subfield code="a">Influence (Literary, artistic, etc.)</marc:subfield></marc:datafield><marc:datafield tag="650" ind1=" " ind2="7"><marc:subfield code="a">kirjallisuudentutkimus</marc:subfield><marc:subfield code="2">yso/fin</marc:subfield><marc:subfield code="0">http://www.yso.fi/onto/yso/p1066</marc:subfield></marc:datafield><marc:datafield tag="650" ind1=" " ind2="7"><marc:subfield code="a">maisema</marc:subfield><marc:subfield code="2">yso/fin</marc:subfield><marc:subfield code="0">http://www.yso.fi/onto/yso/p1716</marc:subfield></marc:datafield><marc:datafield tag="650" ind1=" " ind2="7"><marc:subfield code="a">englanninkielinen kirjallisuus</marc:subfield><marc:subfield code="2">yso/fin</marc:subfield><marc:subfield code="0">http://www.yso.fi/onto/yso/p11223</marc:subfield></marc:datafield><marc:datafield tag="650" ind1=" " ind2="7"><marc:subfield code="a">litteraturvetenskap</marc:subfield><marc:subfield code="2">yso/swe</marc:subfield><marc:subfield code="0">http://www.yso.fi/onto/yso/p1066</marc:subfield></marc:datafield><marc:datafield tag="650" ind1=" " ind2="7"><marc:subfield code="a">landskap (fysiska helheter)</marc:subfield><marc:subfield code="2">yso/swe</marc:subfield><marc:subfield code="0">http://www.yso.fi/onto/yso/p1716</marc:subfield></marc:datafield><marc:datafield tag="650" ind1=" " ind2="7"><marc:subfield code="a">engelsk litteratur</marc:subfield><marc:subfield code="2">yso/swe</marc:subfield><marc:subfield code="0">http://www.yso.fi/onto/yso/p11223</marc:subfield></marc:datafield><marc:datafield tag="650" ind1=" " ind2="7"><marc:subfield code="a">LITERARY CRITICISM / General.</marc:subfield><marc:subfield code="2">bisacsh</marc:subfield></marc:datafield><marc:datafield tag="650" ind1=" " ind2="7"><marc:subfield code="a">LITERARY CRITICISM / American / General.</marc:subfield><marc:subfield code="2">bisacsh</marc:subfield></marc:datafield><marc:datafield tag="700" ind1="1" ind2=" "><marc:subfield code="a">Jillett, Louise,</marc:subfield><marc:subfield code="e">toimittaja,</marc:subfield><marc:subfield code="e">kirjoittaja.</marc:subfield></marc:datafield><marc:datafield tag="776" ind1="0" ind2="8"><marc:subfield code="i">Online version:</marc:subfield><marc:subfield code="t">Cormac McCarthy's borders and landscapes</marc:subfield><marc:subfield code="b">First edition.</marc:subfield><marc:subfield code="d">New York : Bloomsbury Academic, 2016</marc:subfield><marc:subfield code="z">9781501319129</marc:subfield><marc:subfield code="w">(DLC) 2016014433</marc:subfield></marc:datafield></marc:record>