
<marc:record><marc:leader>02674cam a22004214i 4500</marc:leader>
<marc:controlfield tag="001">012199855</marc:controlfield>
<marc:controlfield tag="003">FI-MELINDA</marc:controlfield><marc:controlfield tag="005">20201122113145.0</marc:controlfield><marc:controlfield tag="008">180212s2016    xxu      b    001 0 eng c</marc:controlfield><marc:datafield tag="020" ind1=" " ind2=" "><marc:subfield code="a">978-1-5013-3808-3</marc:subfield><marc:subfield code="q">nidottu</marc:subfield></marc:datafield><marc:datafield tag="020" ind1=" " ind2=" "><marc:subfield code="a">978-1-5013-1712-5</marc:subfield><marc:subfield code="q">sidottu</marc:subfield></marc:datafield><marc:datafield tag="035" ind1=" " ind2=" "><marc:subfield code="a">(FI-MELINDA)012199855</marc:subfield></marc:datafield><marc:datafield tag="040" ind1=" " ind2=" "><marc:subfield code="a">StDuBDS</marc:subfield><marc:subfield code="b">mul</marc:subfield><marc:subfield code="e">rda</marc:subfield></marc:datafield><marc:datafield tag="041" ind1="0" ind2=" "><marc:subfield code="a">eng</marc:subfield></marc:datafield><marc:datafield tag="043" ind1=" " ind2=" "><marc:subfield code="a">n-us---</marc:subfield></marc:datafield><marc:datafield tag="050" ind1="0" ind2="0"><marc:subfield code="a">PS374.E875</marc:subfield><marc:subfield code="b">H83 2016</marc:subfield></marc:datafield><marc:datafield tag="082" ind1="0" ind2="0"><marc:subfield code="a">813.609</marc:subfield><marc:subfield code="2">23</marc:subfield></marc:datafield><marc:datafield tag="084" ind1=" " ind2=" "><marc:subfield code="a">LIT000000</marc:subfield><marc:subfield code="a">LIT004020</marc:subfield><marc:subfield code="a">LIT006000</marc:subfield><marc:subfield code="2">bisacsh</marc:subfield></marc:datafield><marc:datafield tag="100" ind1="1" ind2=" "><marc:subfield code="a">Huber, Sebastian,</marc:subfield><marc:subfield code="e">kirjoittaja.</marc:subfield></marc:datafield><marc:datafield tag="245" ind1="1" ind2="0"><marc:subfield code="a">Subject of the event :</marc:subfield><marc:subfield code="b">reagency in the American novel after 2000 /</marc:subfield><marc:subfield code="c">Sebastian Huber.</marc:subfield></marc:datafield><marc:datafield tag="264" ind1=" " ind2="1"><marc:subfield code="a">New York :</marc:subfield><marc:subfield code="b">Bloomsbury Academic, an imprint of Bloomsbury Publishing Inc,</marc:subfield><marc:subfield code="c">2016.</marc:subfield></marc:datafield><marc:datafield tag="300" ind1=" " ind2=" "><marc:subfield code="a">316 sivua ;</marc:subfield><marc:subfield code="c">24 cm</marc:subfield></marc:datafield><marc:datafield tag="336" ind1=" " ind2=" "><marc:subfield code="a">teksti</marc:subfield><marc:subfield code="b">txt</marc:subfield><marc:subfield code="2">rdacontent</marc:subfield></marc:datafield><marc:datafield tag="337" ind1=" " ind2=" "><marc:subfield code="a">käytettävissä ilman laitetta</marc:subfield><marc:subfield code="b">n</marc:subfield><marc:subfield code="2">rdamedia</marc:subfield></marc:datafield><marc:datafield tag="338" ind1=" " ind2=" "><marc:subfield code="a">nide</marc:subfield><marc:subfield code="b">nc</marc:subfield><marc:subfield code="2">rdacarrier</marc:subfield></marc:datafield><marc:datafield tag="500" ind1=" " ind2=" "><marc:subfield code="a">Lisäpainokset: Paperback edition published 2017.</marc:subfield></marc:datafield><marc:datafield tag="504" ind1=" " ind2=" "><marc:subfield code="a">Includes bibliographical references (pages 297-313) and index.</marc:subfield></marc:datafield><marc:datafield tag="505" ind1="0" ind2=" "><marc:subfield code="a">Introduction: America's Subjects of Events -- Chapter 1. The Question of the Event and the Question(s) of the Subject -- Chapter 2. 'You have to carry the fire': The Reactive Subject in Cormac McCarthy's The Road (2006) -- Chapter 3. 'With Us or Against Us': The Obscure Subject in Jess Walter's The Zero (2006) -- Chapter 4. 'Let us go then you and I': The Amorous Subject in Mark Z. Danielewski's Only Revolutions (2006) -- Chapter 5. 'You'll never be passé': The Aesthetico-Political Subject in Paul Beatty's Slumberland (2008) -- Chapter 6. 'There is nothing to compare it to now': The Scientific-Political Subjects in Thomas Pynchon's Against the Day (2006) -- Conclusion: The End as Enjambment.</marc:subfield></marc:datafield><marc:datafield tag="520" ind1=" " ind2=" "><marc:subfield code="a">&quot;Examines the conception of events and subjects in five contemporary American novels: Cormac McCarthy's The Road (2006), Jess Walter's The Zero (2006), Mark Z. Danielewski's Only Revolutions (2006), Paul Beatty's Slumberland (2008) and Thomas Pynchon's Against the Day (2006)&quot;--</marc:subfield><marc:subfield code="c">Provided by publisher.</marc:subfield></marc:datafield><marc:datafield tag="530" ind1=" " ind2=" "><marc:subfield code="a">Also issued online.</marc:subfield></marc:datafield><marc:datafield tag="650" ind1=" " ind2="7"><marc:subfield code="a">LITERARY CRITICISM / General.</marc:subfield><marc:subfield code="2">bisacsh</marc:subfield></marc:datafield><marc:datafield tag="650" ind1=" " ind2="7"><marc:subfield code="a">LITERARY CRITICISM / American / General.</marc:subfield><marc:subfield code="2">bisacsh</marc:subfield></marc:datafield><marc:datafield tag="650" ind1=" " ind2="7"><marc:subfield code="a">LITERARY CRITICISM / Semiotics &amp; Theory.</marc:subfield><marc:subfield code="2">bisacsh</marc:subfield></marc:datafield><marc:datafield tag="650" ind1=" " ind2="0"><marc:subfield code="a">American fiction</marc:subfield><marc:subfield code="y">21st century</marc:subfield><marc:subfield code="x">History and criticism.</marc:subfield></marc:datafield><marc:datafield tag="650" ind1=" " ind2="0"><marc:subfield code="a">Events (Philosophy) in literature.</marc:subfield></marc:datafield><marc:datafield tag="650" ind1=" " ind2="0"><marc:subfield code="a">Subject (Philosophy) in literature.</marc:subfield></marc:datafield><marc:datafield tag="776" ind1="0" ind2="8"><marc:subfield code="i">Verkkoaineisto:</marc:subfield><marc:subfield code="z">9781501317101</marc:subfield></marc:datafield><marc:datafield tag="776" ind1="0" ind2="8"><marc:subfield code="i">Online version:</marc:subfield><marc:subfield code="a">Huber, Sebastian, 1986-</marc:subfield><marc:subfield code="t">Subject of the event</marc:subfield><marc:subfield code="w">(DLC) 2016013807</marc:subfield><marc:subfield code="d">New York : Bloomsbury Academic, 2016</marc:subfield><marc:subfield code="z">9781501317095</marc:subfield></marc:datafield></marc:record>