
<marc:record><marc:leader>03623cam a22004694i 4500</marc:leader>
<marc:controlfield tag="001">012262006</marc:controlfield>
<marc:controlfield tag="003">FI-MELINDA</marc:controlfield><marc:controlfield tag="005">20190704114019.0</marc:controlfield><marc:controlfield tag="008">180509t20142014xxu      b    001 0 eng c</marc:controlfield><marc:datafield tag="020" ind1=" " ind2=" "><marc:subfield code="a">978-0-7864-7579-7</marc:subfield><marc:subfield code="q">nidottu</marc:subfield></marc:datafield><marc:datafield tag="035" ind1=" " ind2=" "><marc:subfield code="a">(FI-MELINDA)012262006</marc:subfield></marc:datafield><marc:datafield tag="040" ind1=" " ind2=" "><marc:subfield code="b">mul</marc:subfield><marc:subfield code="e">rda</marc:subfield><marc:subfield code="d">FI-Ku</marc:subfield></marc:datafield><marc:datafield tag="041" ind1="0" ind2=" "><marc:subfield code="a">eng</marc:subfield></marc:datafield><marc:datafield tag="050" ind1="0" ind2="0"><marc:subfield code="a">PN3433.6</marc:subfield><marc:subfield code="b">.E73 2014</marc:subfield></marc:datafield><marc:datafield tag="082" ind1="0" ind2="0"><marc:subfield code="a">809.3/8762</marc:subfield><marc:subfield code="2">23</marc:subfield></marc:datafield><marc:datafield tag="245" ind1="0" ind2="0"><marc:subfield code="a">Environments in science fiction :</marc:subfield><marc:subfield code="b">essays on alternative spaces /</marc:subfield><marc:subfield code="c">edited by Susan M. Bernardo.</marc:subfield></marc:datafield><marc:datafield tag="264" ind1=" " ind2="1"><marc:subfield code="a">Jefferson, North Carolina :</marc:subfield><marc:subfield code="b">McFarland &amp; Company, Inc., Publishers,</marc:subfield><marc:subfield code="c">[2014]</marc:subfield></marc:datafield><marc:datafield tag="264" ind1=" " ind2="4"><marc:subfield code="c">©2014</marc:subfield></marc:datafield><marc:datafield tag="300" ind1=" " ind2=" "><marc:subfield code="a">x, 195 sivua ;</marc:subfield><marc:subfield code="c">23 cm</marc:subfield></marc:datafield><marc:datafield tag="336" ind1=" " ind2=" "><marc:subfield code="a">teksti</marc:subfield><marc:subfield code="b">txt</marc:subfield><marc:subfield code="2">rdacontent</marc:subfield></marc:datafield><marc:datafield tag="337" ind1=" " ind2=" "><marc:subfield code="a">käytettävissä ilman laitetta</marc:subfield><marc:subfield code="b">n</marc:subfield><marc:subfield code="2">rdamedia</marc:subfield></marc:datafield><marc:datafield tag="338" ind1=" " ind2=" "><marc:subfield code="a">nide</marc:subfield><marc:subfield code="b">nc</marc:subfield><marc:subfield code="2">rdacarrier</marc:subfield></marc:datafield><marc:datafield tag="490" ind1="0" ind2=" "><marc:subfield code="a">Critical Explorations in Science Fiction and Fantasy ;</marc:subfield><marc:subfield code="v">44</marc:subfield></marc:datafield><marc:datafield tag="504" ind1=" " ind2=" "><marc:subfield code="a">Includes bibliographical references and index.</marc:subfield></marc:datafield><marc:datafield tag="505" ind1="0" ind2=" "><marc:subfield code="a">Part One. In the Margins: Recentering Individuals, Societies and Environments -- Heterotopian Possibilities in Science Fictions by Stephen Baxter, Terry Pratchett, Samuel Delany and Ursula K. Le Guin / Lauren J. Lacey -- Acceptance of the Marginalized in Marge Piercy's He, She, It and Melissa Scott's Trouble and Her Friends / Melanie A. Marotta -- Anathem's Flows of Power: State Space and Nomadology on a Cloistered Planet / Jonathan P. Lewis -- Part Two. Shifting Worlds Through Re-Creation -- Karel Capek's War with the Newts: Deterritorializing Land and Language / Adam Lawrence -- Mary Shelley's Literary Laboratory: Frankenstein and the Emergence of the Modern Laboratory in Nineteenth-Century Europe / Matthew Hadley -- Ecotopian London: Morris's Geography of Conservation / Margaret S. Kennedy -- Part Three. Re-Viewing Damaged Worlds Through Quests -- Underworlds of Despair and Hope in Cormac McCarthy's The Road / Justin T. Noetzel -- The Silence of the Subaltern: The Rejection of History and Language in Amitav Ghosh's The Calcutta Chromosome / Shayani Bhattacharya -- A Case of Terraphilia: Longing for Place and Community in Philip K. Dick's Do Androids Dream of Electric Sheep? / Susan M. Bernardo -- Discursive Transgressions and Ideological Negotiations: From Orwell's 1984 to Butler's Parable of the Sower / Keith Elphick -- About the Contributors -- Index.</marc:subfield></marc:datafield><marc:datafield tag="520" ind1=" " ind2=" "><marc:subfield code="a">&quot;This book focuses especially on science fiction that includes depictions of the future. There are ecocritical texts that deal with space/place and science fiction criticism that deals with dystopias but there is no other collection that focuses on the intersection of the two&quot;--</marc:subfield><marc:subfield code="c">Provided by publisher.</marc:subfield></marc:datafield><marc:datafield tag="650" ind1=" " ind2="0"><marc:subfield code="a">Science fiction</marc:subfield><marc:subfield code="x">History and criticism.</marc:subfield></marc:datafield><marc:datafield tag="650" ind1=" " ind2="0"><marc:subfield code="a">Future, The, in literature.</marc:subfield></marc:datafield><marc:datafield tag="650" ind1=" " ind2="0"><marc:subfield code="a">Dystopias in literature.</marc:subfield></marc:datafield><marc:datafield tag="650" ind1=" " ind2="0"><marc:subfield code="a">Ecocriticism.</marc:subfield></marc:datafield><marc:datafield tag="650" ind1=" " ind2="7"><marc:subfield code="a">tieteiskirjallisuus</marc:subfield><marc:subfield code="2">yso/fin</marc:subfield><marc:subfield code="0">http://www.yso.fi/onto/yso/p15527</marc:subfield></marc:datafield><marc:datafield tag="650" ind1=" " ind2="7"><marc:subfield code="a">tulevaisuus</marc:subfield><marc:subfield code="2">yso/fin</marc:subfield><marc:subfield code="0">http://www.yso.fi/onto/yso/p817</marc:subfield></marc:datafield><marc:datafield tag="650" ind1=" " ind2="7"><marc:subfield code="a">dystopiat</marc:subfield><marc:subfield code="2">yso/fin</marc:subfield><marc:subfield code="0">http://www.yso.fi/onto/yso/p20646</marc:subfield></marc:datafield><marc:datafield tag="650" ind1=" " ind2="7"><marc:subfield code="a">ekokritiikki</marc:subfield><marc:subfield code="2">yso/fin</marc:subfield><marc:subfield code="0">http://www.yso.fi/onto/yso/p22279</marc:subfield></marc:datafield><marc:datafield tag="650" ind1=" " ind2="7"><marc:subfield code="a">kirjallisuudentutkimus</marc:subfield><marc:subfield code="2">yso/fin</marc:subfield><marc:subfield code="0">http://www.yso.fi/onto/yso/p1066</marc:subfield></marc:datafield><marc:datafield tag="650" ind1=" " ind2="7"><marc:subfield code="a">science fiction-litteratur</marc:subfield><marc:subfield code="2">yso/swe</marc:subfield><marc:subfield code="0">http://www.yso.fi/onto/yso/p15527</marc:subfield></marc:datafield><marc:datafield tag="650" ind1=" " ind2="7"><marc:subfield code="a">framtid</marc:subfield><marc:subfield code="2">yso/swe</marc:subfield><marc:subfield code="0">http://www.yso.fi/onto/yso/p817</marc:subfield></marc:datafield><marc:datafield tag="650" ind1=" " ind2="7"><marc:subfield code="a">dystopier</marc:subfield><marc:subfield code="2">yso/swe</marc:subfield><marc:subfield code="0">http://www.yso.fi/onto/yso/p20646</marc:subfield></marc:datafield><marc:datafield tag="650" ind1=" " ind2="7"><marc:subfield code="a">ekokritik</marc:subfield><marc:subfield code="2">yso/swe</marc:subfield><marc:subfield code="0">http://www.yso.fi/onto/yso/p22279</marc:subfield></marc:datafield><marc:datafield tag="650" ind1=" " ind2="7"><marc:subfield code="a">litteraturvetenskap</marc:subfield><marc:subfield code="2">yso/swe</marc:subfield><marc:subfield code="0">http://www.yso.fi/onto/yso/p1066</marc:subfield></marc:datafield><marc:datafield tag="700" ind1="1" ind2=" "><marc:subfield code="a">Bernardo, Susan M.,</marc:subfield><marc:subfield code="e">toimittaja.</marc:subfield></marc:datafield><marc:datafield tag="776" ind1="0" ind2="8"><marc:subfield code="i">Verkkoaineisto:</marc:subfield><marc:subfield code="z">9781476615035</marc:subfield></marc:datafield></marc:record>