
<marc:record><marc:leader>01565cab a22003734i 4500</marc:leader>
<marc:controlfield tag="001">012286481</marc:controlfield>
<marc:controlfield tag="003">FI-MELINDA</marc:controlfield><marc:controlfield tag="005">20210921211643.0</marc:controlfield><marc:controlfield tag="008">950929s1995    fi ||||| |||| |||||0fin|c</marc:controlfield><marc:datafield tag="035" ind1=" " ind2=" "><marc:subfield code="a">(FI-MELINDA)012286481</marc:subfield></marc:datafield><marc:datafield tag="040" ind1=" " ind2=" "><marc:subfield code="a">FI-BTJ</marc:subfield></marc:datafield><marc:datafield tag="041" ind1="0" ind2=" "><marc:subfield code="a">fin</marc:subfield></marc:datafield><marc:datafield tag="080" ind1=" " ind2=" "><marc:subfield code="a">894.541</marc:subfield></marc:datafield><marc:datafield tag="084" ind1=" " ind2=" "><marc:subfield code="a">86.2/.9</marc:subfield><marc:subfield code="2">ykl</marc:subfield></marc:datafield><marc:datafield tag="100" ind1="1" ind2=" "><marc:subfield code="a">Wilhelmsson, Putte.</marc:subfield></marc:datafield><marc:datafield tag="245" ind1="1" ind2="0"><marc:subfield code="a">Oikea suuri kirjailija.</marc:subfield></marc:datafield><marc:datafield tag="246" ind1="3" ind2=" "><marc:subfield code="a">Matka toiseen maailmaan</marc:subfield></marc:datafield><marc:datafield tag="336" ind1=" " ind2=" "><marc:subfield code="a">teksti</marc:subfield><marc:subfield code="b">txt</marc:subfield><marc:subfield code="2">rdacontent</marc:subfield></marc:datafield><marc:datafield tag="337" ind1=" " ind2=" "><marc:subfield code="a">käytettävissä ilman laitetta</marc:subfield><marc:subfield code="b">n</marc:subfield><marc:subfield code="2">rdamedia</marc:subfield></marc:datafield><marc:datafield tag="380" ind1=" " ind2=" "><marc:subfield code="a">kirja-arvostelu</marc:subfield></marc:datafield><marc:datafield tag="600" ind1="1" ind2="4"><marc:subfield code="a">McCarthy, Cormac.</marc:subfield><marc:subfield code="t">Matka toiseen maailmaan.</marc:subfield></marc:datafield><marc:datafield tag="650" ind1=" " ind2="7"><marc:subfield code="a">romaanit</marc:subfield><marc:subfield code="2">yso/fin</marc:subfield><marc:subfield code="0">http://www.yso.fi/onto/yso/p1896</marc:subfield></marc:datafield><marc:datafield tag="650" ind1=" " ind2="7"><marc:subfield code="a">romaner</marc:subfield><marc:subfield code="2">yso/swe</marc:subfield><marc:subfield code="0">http://www.yso.fi/onto/yso/p1896</marc:subfield></marc:datafield><marc:datafield tag="655" ind1=" " ind2="7"><marc:subfield code="a">kirja-arvostelut</marc:subfield><marc:subfield code="2">slm/fin</marc:subfield><marc:subfield code="0">http://urn.fi/URN:NBN:fi:au:slm:s1093</marc:subfield></marc:datafield><marc:datafield tag="655" ind1=" " ind2="7"><marc:subfield code="a">litteraturrecensioner</marc:subfield><marc:subfield code="2">slm/swe</marc:subfield><marc:subfield code="0">http://urn.fi/URN:NBN:fi:au:slm:s1093</marc:subfield></marc:datafield><marc:datafield tag="773" ind1="0" ind2=" "><marc:subfield code="7">nnas</marc:subfield><marc:subfield code="w">(FI-MELINDA)005340804</marc:subfield><marc:subfield code="w">(FI-Arto)1388941</marc:subfield><marc:subfield code="t">Suomen kuvalehti. -</marc:subfield><marc:subfield code="x">0039-5552. -</marc:subfield><marc:subfield code="g">79(1995) : 38, s. 87</marc:subfield></marc:datafield><marc:datafield tag="773" ind1="0" ind2=" "><marc:subfield code="7">nnas</marc:subfield><marc:subfield code="w">(FI-MELINDA)005340804</marc:subfield><marc:subfield code="w">(FI-Arto)1388941</marc:subfield><marc:subfield code="t">Suomen kuvalehti. -</marc:subfield><marc:subfield code="d">Helsinki : Yhtyneet kuvalehdet. -</marc:subfield><marc:subfield code="x">0039-5552. -</marc:subfield><marc:subfield code="g">79 (1995) : 38, s. 87</marc:subfield><marc:subfield code="q">0038</marc:subfield></marc:datafield><marc:datafield tag="787" ind1="0" ind2="8"><marc:subfield code="i">Arvosteltu teos:</marc:subfield><marc:subfield code="t">Matka toiseen maailmaan /</marc:subfield><marc:subfield code="a">Cormac McCarthy.</marc:subfield></marc:datafield><marc:datafield tag="787" ind1="0" ind2="8"><marc:subfield code="i">Arvosteltu teos:</marc:subfield><marc:subfield code="t">Matka toiseen maailmaan</marc:subfield><marc:subfield code="a">Cormac McCarthy ; suomentanut Erkki Jukarainen .</marc:subfield><marc:subfield code="d">Porvoo, 1995</marc:subfield></marc:datafield><marc:datafield tag="884" ind1=" " ind2=" "><marc:subfield code="a">Aleksi(FINMARC)-Arto(MARC 21)-konversio</marc:subfield><marc:subfield code="g">20180221</marc:subfield><marc:subfield code="q">FI-ARTO</marc:subfield><marc:subfield code="5">ARTO</marc:subfield></marc:datafield><marc:datafield tag="960" ind1=" " ind2=" "><marc:subfield code="a">Aleksi</marc:subfield><marc:subfield code="5">ARTO</marc:subfield></marc:datafield><marc:datafield tag="960" ind1=" " ind2=" "><marc:subfield code="a">ARTO</marc:subfield></marc:datafield><marc:datafield tag="995" ind1=" " ind2=" "><marc:subfield code="a">Aleksi</marc:subfield><marc:subfield code="5">ARTO</marc:subfield></marc:datafield><marc:datafield tag="995" ind1=" " ind2=" "><marc:subfield code="a">Kitu</marc:subfield><marc:subfield code="5">ARTO</marc:subfield></marc:datafield></marc:record>