
<marc:record><marc:leader>01075cab a22002774i 4500</marc:leader>
<marc:controlfield tag="001">013287536</marc:controlfield>
<marc:controlfield tag="003">FI-MELINDA</marc:controlfield><marc:controlfield tag="005">20180810232822.0</marc:controlfield><marc:controlfield tag="007">ta</marc:controlfield><marc:controlfield tag="008">130207s2013    fi || ||  |||||   |0fin|c</marc:controlfield><marc:datafield tag="035" ind1=" " ind2=" "><marc:subfield code="a">(FI-MELINDA)013287536</marc:subfield></marc:datafield><marc:datafield tag="041" ind1="0" ind2=" "><marc:subfield code="a">fin</marc:subfield></marc:datafield><marc:datafield tag="100" ind1="1" ind2=" "><marc:subfield code="a">Hänninen, Ville.</marc:subfield></marc:datafield><marc:datafield tag="245" ind1="1" ind2="0"><marc:subfield code="a">Lopussa on naru /</marc:subfield><marc:subfield code="c">Ville Hänninen.</marc:subfield></marc:datafield><marc:datafield tag="336" ind1=" " ind2=" "><marc:subfield code="a">teksti</marc:subfield><marc:subfield code="b">txt</marc:subfield><marc:subfield code="2">rdacontent</marc:subfield></marc:datafield><marc:datafield tag="337" ind1=" " ind2=" "><marc:subfield code="a">käytettävissä ilman laitetta</marc:subfield><marc:subfield code="b">n</marc:subfield><marc:subfield code="2">rdamedia</marc:subfield></marc:datafield><marc:datafield tag="380" ind1=" " ind2=" "><marc:subfield code="a">kirja-arvostelu</marc:subfield></marc:datafield><marc:datafield tag="593" ind1=" " ind2=" "><marc:subfield code="a">jufo:0</marc:subfield><marc:subfield code="5">ARTO</marc:subfield></marc:datafield><marc:datafield tag="598" ind1=" " ind2=" "><marc:subfield code="a">Kitu2013 ; B</marc:subfield><marc:subfield code="5">ARTO</marc:subfield></marc:datafield><marc:datafield tag="600" ind1="1" ind2="4"><marc:subfield code="a">McCarthy, Cormac.</marc:subfield><marc:subfield code="t">Veren ääriin, eli Lännen punainen ilta.</marc:subfield></marc:datafield><marc:datafield tag="650" ind1=" " ind2="7"><marc:subfield code="a">kirja-arvostelut</marc:subfield><marc:subfield code="x">käännöskirjallisuus</marc:subfield><marc:subfield code="x">romaanit</marc:subfield><marc:subfield code="2">kitu</marc:subfield></marc:datafield><marc:datafield tag="650" ind1=" " ind2="7"><marc:subfield code="a">kirja-arvostelut</marc:subfield><marc:subfield code="x">kaunokirjallisuus</marc:subfield><marc:subfield code="2">kitu</marc:subfield></marc:datafield><marc:datafield tag="773" ind1="0" ind2=" "><marc:subfield code="w">(FI-MELINDA)004154452</marc:subfield><marc:subfield code="7">nnas</marc:subfield><marc:subfield code="w">(FI-Arto)1386294</marc:subfield><marc:subfield code="t">Parnasso. -</marc:subfield><marc:subfield code="d">Helsinki : Yhtyneet kuvalehdet. -</marc:subfield><marc:subfield code="x">0031-2320. -</marc:subfield><marc:subfield code="g">63 (2013) : 1, s. 60-61</marc:subfield></marc:datafield><marc:datafield tag="787" ind1="0" ind2="8"><marc:subfield code="i">Arvosteltu teos:</marc:subfield><marc:subfield code="t">Veren ääriin, eli Lännen punainen ilta</marc:subfield><marc:subfield code="a">Cormac McCarthy ; suomentanut Kaijamari Sivill.</marc:subfield><marc:subfield code="d">Helsinki, 2012</marc:subfield><marc:subfield code="z">978-951-0-38568-5</marc:subfield></marc:datafield><marc:datafield tag="960" ind1=" " ind2=" "><marc:subfield code="a">ARTO</marc:subfield></marc:datafield><marc:datafield tag="995" ind1=" " ind2=" "><marc:subfield code="a">Kitu</marc:subfield><marc:subfield code="5">ARTO</marc:subfield></marc:datafield></marc:record>