
<marc:record><marc:leader>01335cab a22003134i 4500</marc:leader>
<marc:controlfield tag="001">013301194</marc:controlfield>
<marc:controlfield tag="003">FI-MELINDA</marc:controlfield><marc:controlfield tag="005">20210921111742.0</marc:controlfield><marc:controlfield tag="008">130930s2008    fi || || ||||||   |0fin||</marc:controlfield><marc:datafield tag="035" ind1=" " ind2=" "><marc:subfield code="a">(FI-MELINDA)013301194</marc:subfield></marc:datafield><marc:datafield tag="041" ind1="0" ind2=" "><marc:subfield code="a">fin</marc:subfield></marc:datafield><marc:datafield tag="080" ind1=" " ind2=" "><marc:subfield code="a">82</marc:subfield></marc:datafield><marc:datafield tag="100" ind1="1" ind2=" "><marc:subfield code="a">Polviander, Maarit.</marc:subfield></marc:datafield><marc:datafield tag="245" ind1="1" ind2="0"><marc:subfield code="a">Tien vangit /</marc:subfield><marc:subfield code="c">Maarit Polviander.</marc:subfield></marc:datafield><marc:datafield tag="336" ind1=" " ind2=" "><marc:subfield code="a">teksti</marc:subfield><marc:subfield code="b">txt</marc:subfield><marc:subfield code="2">rdacontent</marc:subfield></marc:datafield><marc:datafield tag="337" ind1=" " ind2=" "><marc:subfield code="a">käytettävissä ilman laitetta</marc:subfield><marc:subfield code="b">n</marc:subfield><marc:subfield code="2">rdamedia</marc:subfield></marc:datafield><marc:datafield tag="380" ind1=" " ind2=" "><marc:subfield code="a">kirja-arvostelu</marc:subfield></marc:datafield><marc:datafield tag="598" ind1=" " ind2=" "><marc:subfield code="a">Kitu2013 ; C</marc:subfield><marc:subfield code="5">ARTO</marc:subfield></marc:datafield><marc:datafield tag="600" ind1="1" ind2="4"><marc:subfield code="a">McCarthy, Cormac.</marc:subfield><marc:subfield code="t">Tie.</marc:subfield></marc:datafield><marc:datafield tag="650" ind1=" " ind2="7"><marc:subfield code="a">romaanit</marc:subfield><marc:subfield code="2">yso/fin</marc:subfield><marc:subfield code="0">http://www.yso.fi/onto/yso/p1896</marc:subfield></marc:datafield><marc:datafield tag="650" ind1=" " ind2="7"><marc:subfield code="a">käännökset</marc:subfield><marc:subfield code="2">yso/fin</marc:subfield><marc:subfield code="0">http://www.yso.fi/onto/yso/p16349</marc:subfield></marc:datafield><marc:datafield tag="650" ind1=" " ind2="7"><marc:subfield code="a">romaner</marc:subfield><marc:subfield code="2">yso/swe</marc:subfield><marc:subfield code="0">http://www.yso.fi/onto/yso/p1896</marc:subfield></marc:datafield><marc:datafield tag="650" ind1=" " ind2="7"><marc:subfield code="a">översättningar</marc:subfield><marc:subfield code="2">yso/swe</marc:subfield><marc:subfield code="0">http://www.yso.fi/onto/yso/p16349</marc:subfield></marc:datafield><marc:datafield tag="655" ind1=" " ind2="7"><marc:subfield code="a">kirja-arvostelut</marc:subfield><marc:subfield code="2">slm/fin</marc:subfield><marc:subfield code="0">http://urn.fi/URN:NBN:fi:au:slm:s1093</marc:subfield></marc:datafield><marc:datafield tag="655" ind1=" " ind2="7"><marc:subfield code="a">litteraturrecensioner</marc:subfield><marc:subfield code="2">slm/swe</marc:subfield><marc:subfield code="0">http://urn.fi/URN:NBN:fi:au:slm:s1093</marc:subfield></marc:datafield><marc:datafield tag="773" ind1="0" ind2=" "><marc:subfield code="7">nnas</marc:subfield><marc:subfield code="w">(FI-MELINDA)007109346</marc:subfield><marc:subfield code="w">(FI-Arto)361528</marc:subfield><marc:subfield code="t">Kirjo : kirjallisuus ja kulttuurilehti. -</marc:subfield><marc:subfield code="d">Tampere : Kirjallisuus- ja kulttuuriseura Kirjo. -</marc:subfield><marc:subfield code="x">1457-4985. -</marc:subfield><marc:subfield code="g">2008 : 3, s. 37</marc:subfield></marc:datafield><marc:datafield tag="787" ind1="0" ind2="8"><marc:subfield code="i">Arvosteltu teos:</marc:subfield><marc:subfield code="t">Tie</marc:subfield><marc:subfield code="a">Cormac McCarthy ; suomentanut Kaijamari Sivill.</marc:subfield><marc:subfield code="d">Helsinki, 2008.</marc:subfield><marc:subfield code="z">978-951-0-33805-6</marc:subfield></marc:datafield><marc:datafield tag="960" ind1=" " ind2=" "><marc:subfield code="a">ARTO</marc:subfield></marc:datafield><marc:datafield tag="995" ind1=" " ind2=" "><marc:subfield code="a">Kitu</marc:subfield><marc:subfield code="5">ARTO</marc:subfield></marc:datafield></marc:record>