
<marc:record><marc:leader>03177cam a22006614i 4500</marc:leader>
<marc:controlfield tag="001">016672101</marc:controlfield>
<marc:controlfield tag="003">FI-MELINDA</marc:controlfield><marc:controlfield tag="005">20201105053619.0</marc:controlfield><marc:controlfield tag="006">m|||||o||d||||||||</marc:controlfield><marc:controlfield tag="007">cr||||||||||||</marc:controlfield><marc:controlfield tag="008">191217s2010    xxk|||| o|||| 00||| eng|c</marc:controlfield><marc:datafield tag="020" ind1=" " ind2=" "><marc:subfield code="a">9780330472753</marc:subfield></marc:datafield><marc:datafield tag="035" ind1=" " ind2=" "><marc:subfield code="a">(FI-MELINDA)016672101</marc:subfield></marc:datafield><marc:datafield tag="040" ind1=" " ind2=" "><marc:subfield code="a">FI-Piki</marc:subfield><marc:subfield code="b">fin</marc:subfield><marc:subfield code="e">rda</marc:subfield></marc:datafield><marc:datafield tag="041" ind1="0" ind2=" "><marc:subfield code="a">eng</marc:subfield></marc:datafield><marc:datafield tag="084" ind1=" " ind2=" "><marc:subfield code="a">84.5</marc:subfield><marc:subfield code="2">ykl</marc:subfield></marc:datafield><marc:datafield tag="084" ind1="9" ind2=" "><marc:subfield code="a">Scifi</marc:subfield><marc:subfield code="2">ykl</marc:subfield></marc:datafield><marc:datafield tag="100" ind1="1" ind2=" "><marc:subfield code="a">McCarthy, Cormac,</marc:subfield><marc:subfield code="e">kirjoittaja.</marc:subfield></marc:datafield><marc:datafield tag="245" ind1="1" ind2="4"><marc:subfield code="a">The road /</marc:subfield><marc:subfield code="c">Cormac McCarthy.</marc:subfield></marc:datafield><marc:datafield tag="264" ind1=" " ind2="1"><marc:subfield code="a">[London] :</marc:subfield><marc:subfield code="b">Pan Macmillan,</marc:subfield><marc:subfield code="c">[2010]</marc:subfield></marc:datafield><marc:datafield tag="300" ind1=" " ind2=" "><marc:subfield code="a">1 verkkoaineisto</marc:subfield></marc:datafield><marc:datafield tag="336" ind1=" " ind2=" "><marc:subfield code="a">teksti</marc:subfield><marc:subfield code="b">txt</marc:subfield><marc:subfield code="2">rdacontent</marc:subfield></marc:datafield><marc:datafield tag="337" ind1=" " ind2=" "><marc:subfield code="a">tietokonekäyttöinen</marc:subfield><marc:subfield code="b">c</marc:subfield><marc:subfield code="2">rdamedia</marc:subfield></marc:datafield><marc:datafield tag="338" ind1=" " ind2=" "><marc:subfield code="a">verkkoaineisto</marc:subfield><marc:subfield code="b">cr</marc:subfield><marc:subfield code="2">rdacarrier</marc:subfield></marc:datafield><marc:datafield tag="506" ind1="1" ind2=" "><marc:subfield code="a">Käytettävissä lisenssin hankkineissa organisaatioissa.</marc:subfield><marc:subfield code="f">Online access with authorization</marc:subfield><marc:subfield code="2">star</marc:subfield></marc:datafield><marc:datafield tag="586" ind1=" " ind2=" "><marc:subfield code="a">National Book Critics Circle Award Finalist</marc:subfield></marc:datafield><marc:datafield tag="586" ind1=" " ind2=" "><marc:subfield code="a">Notable Books for Adults</marc:subfield></marc:datafield><marc:datafield tag="586" ind1=" " ind2=" "><marc:subfield code="a">Pulitzer Prize</marc:subfield></marc:datafield><marc:datafield tag="650" ind1=" " ind2="7"><marc:subfield code="a">dystopiat</marc:subfield><marc:subfield code="2">kauno/fin</marc:subfield><marc:subfield code="0">http://www.yso.fi/onto/kauno/p711</marc:subfield></marc:datafield><marc:datafield tag="650" ind1=" " ind2="7"><marc:subfield code="a">apokalyptiikka</marc:subfield><marc:subfield code="2">kauno/fin</marc:subfield><marc:subfield code="0">http://www.yso.fi/onto/kauno/p690</marc:subfield></marc:datafield><marc:datafield tag="650" ind1=" " ind2="7"><marc:subfield code="a">itsemurha</marc:subfield><marc:subfield code="2">kauno/fin</marc:subfield><marc:subfield code="0">http://www.yso.fi/onto/kauno/p4496</marc:subfield></marc:datafield><marc:datafield tag="650" ind1=" " ind2="7"><marc:subfield code="a">äidit</marc:subfield><marc:subfield code="2">kauno/fin</marc:subfield><marc:subfield code="0">http://www.yso.fi/onto/kauno/p284</marc:subfield></marc:datafield><marc:datafield tag="650" ind1=" " ind2="7"><marc:subfield code="a">pako</marc:subfield><marc:subfield code="2">kauno/fin</marc:subfield><marc:subfield code="0">http://www.yso.fi/onto/kauno/p2547</marc:subfield></marc:datafield><marc:datafield tag="650" ind1=" " ind2="7"><marc:subfield code="a">menneisyys</marc:subfield><marc:subfield code="2">kauno/fin</marc:subfield><marc:subfield code="0">http://www.yso.fi/onto/kauno/p2755</marc:subfield></marc:datafield><marc:datafield tag="650" ind1=" " ind2="7"><marc:subfield code="a">selviytyminen</marc:subfield><marc:subfield code="2">kauno/fin</marc:subfield><marc:subfield code="0">http://www.yso.fi/onto/kauno/p2303</marc:subfield></marc:datafield><marc:datafield tag="650" ind1=" " ind2="7"><marc:subfield code="a">toivo</marc:subfield><marc:subfield code="2">kauno/fin</marc:subfield><marc:subfield code="0">http://www.yso.fi/onto/kauno/p2303</marc:subfield></marc:datafield><marc:datafield tag="650" ind1=" " ind2="7"><marc:subfield code="a">rakkaus</marc:subfield><marc:subfield code="2">kauno/fin</marc:subfield><marc:subfield code="0">http://www.yso.fi/onto/kauno/p707</marc:subfield></marc:datafield><marc:datafield tag="650" ind1=" " ind2="7"><marc:subfield code="a">matkat</marc:subfield><marc:subfield code="2">kauno/fin</marc:subfield><marc:subfield code="0">http://www.yso.fi/onto/kauno/p3013</marc:subfield></marc:datafield><marc:datafield tag="650" ind1=" " ind2="7"><marc:subfield code="a">isät</marc:subfield><marc:subfield code="2">kauno/fin</marc:subfield><marc:subfield code="0">http://www.yso.fi/onto/kauno/p378</marc:subfield></marc:datafield><marc:datafield tag="650" ind1=" " ind2="7"><marc:subfield code="a">pojat (ikäryhmät)</marc:subfield><marc:subfield code="2">kauno/fin</marc:subfield><marc:subfield code="0">http://www.yso.fi/onto/kauno/p1589</marc:subfield></marc:datafield><marc:datafield tag="650" ind1=" " ind2="7"><marc:subfield code="a">lesket</marc:subfield><marc:subfield code="2">kauno/fin</marc:subfield><marc:subfield code="0">http://www.yso.fi/onto/kauno/p1801</marc:subfield></marc:datafield><marc:datafield tag="650" ind1=" " ind2="7"><marc:subfield code="a">tuhon jälkeinen maailma</marc:subfield><marc:subfield code="2">kauno/fin</marc:subfield><marc:subfield code="0">http://www.yso.fi/onto/kauno/p595</marc:subfield></marc:datafield><marc:datafield tag="650" ind1=" " ind2="7"><marc:subfield code="a">ydinsota</marc:subfield><marc:subfield code="2">kauno/fin</marc:subfield><marc:subfield code="0">http://www.yso.fi/onto/kauno/p4420</marc:subfield></marc:datafield><marc:datafield tag="650" ind1=" " ind2="7"><marc:subfield code="a">ydintalvi</marc:subfield><marc:subfield code="2">kauno/fin</marc:subfield><marc:subfield code="0">http://www.yso.fi/onto/kauno/p3880</marc:subfield></marc:datafield><marc:datafield tag="650" ind1=" " ind2="7"><marc:subfield code="a">syrjäseudut</marc:subfield><marc:subfield code="2">kauno/fin</marc:subfield><marc:subfield code="0">http://www.yso.fi/onto/kauno/p2357</marc:subfield></marc:datafield><marc:datafield tag="651" ind1=" " ind2="7"><marc:subfield code="a">Yhdysvallat</marc:subfield><marc:subfield code="2">yso/fin</marc:subfield><marc:subfield code="0">http://www.yso.fi/onto/yso/p105078</marc:subfield></marc:datafield><marc:datafield tag="651" ind1=" " ind2="7"><marc:subfield code="a">Förenta staterna</marc:subfield><marc:subfield code="2">yso/swe</marc:subfield><marc:subfield code="0">http://www.yso.fi/onto/yso/p105078</marc:subfield></marc:datafield><marc:datafield tag="655" ind1=" " ind2="7"><marc:subfield code="a">e-kirjat</marc:subfield><marc:subfield code="2">slm/fin</marc:subfield><marc:subfield code="0">http://urn.fi/URN:NBN:fi:au:slm:s889</marc:subfield></marc:datafield><marc:datafield tag="655" ind1=" " ind2="7"><marc:subfield code="a">psykologiset romaanit</marc:subfield><marc:subfield code="2">slm/fin</marc:subfield><marc:subfield code="0">http://urn.fi/URN:NBN:fi:au:slm:s604</marc:subfield></marc:datafield><marc:datafield tag="655" ind1=" " ind2="7"><marc:subfield code="a">matkakirjallisuus</marc:subfield><marc:subfield code="2">slm/fin</marc:subfield><marc:subfield code="0">http://urn.fi/URN:NBN:fi:au:slm:s521</marc:subfield></marc:datafield><marc:datafield tag="655" ind1=" " ind2="7"><marc:subfield code="a">romaanit</marc:subfield><marc:subfield code="2">slm/fin</marc:subfield><marc:subfield code="0">http://urn.fi/URN:NBN:fi:au:slm:s518</marc:subfield></marc:datafield><marc:datafield tag="655" ind1=" " ind2="7"><marc:subfield code="a">kaunokirjallisuus</marc:subfield><marc:subfield code="2">slm/fin</marc:subfield><marc:subfield code="0">http://urn.fi/URN:NBN:fi:au:slm:s975</marc:subfield></marc:datafield><marc:datafield tag="655" ind1=" " ind2="7"><marc:subfield code="a">e-böcker</marc:subfield><marc:subfield code="2">slm/swe</marc:subfield><marc:subfield code="0">http://urn.fi/URN:NBN:fi:au:slm:s889</marc:subfield></marc:datafield><marc:datafield tag="655" ind1=" " ind2="7"><marc:subfield code="a">psykologiska romaner</marc:subfield><marc:subfield code="2">slm/swe</marc:subfield><marc:subfield code="0">http://urn.fi/URN:NBN:fi:au:slm:s604</marc:subfield></marc:datafield><marc:datafield tag="655" ind1=" " ind2="7"><marc:subfield code="a">reselitteratur</marc:subfield><marc:subfield code="2">slm/swe</marc:subfield><marc:subfield code="0">http://urn.fi/URN:NBN:fi:au:slm:s521</marc:subfield></marc:datafield><marc:datafield tag="655" ind1=" " ind2="7"><marc:subfield code="a">romaner</marc:subfield><marc:subfield code="2">slm/swe</marc:subfield><marc:subfield code="0">http://urn.fi/URN:NBN:fi:au:slm:s518</marc:subfield></marc:datafield><marc:datafield tag="655" ind1=" " ind2="7"><marc:subfield code="a">skönlitteratur</marc:subfield><marc:subfield code="2">slm/swe</marc:subfield><marc:subfield code="0">http://urn.fi/URN:NBN:fi:au:slm:s975</marc:subfield></marc:datafield><marc:datafield tag="655" ind1=" " ind2="7"><marc:subfield code="a">englanninkielinen kirjallisuus</marc:subfield><marc:subfield code="2">local</marc:subfield></marc:datafield></marc:record>