
<marc:record><marc:leader>03096cam a22005894i 4500</marc:leader>
<marc:controlfield tag="001">016915517</marc:controlfield>
<marc:controlfield tag="003">FI-MELINDA</marc:controlfield><marc:controlfield tag="005">20200708133152.0</marc:controlfield><marc:controlfield tag="008">200605s2020    sw ||||       |0| m|swe|c</marc:controlfield><marc:datafield tag="020" ind1=" " ind2=" "><marc:subfield code="a">978-91-0-018082-9</marc:subfield><marc:subfield code="q">inbunden</marc:subfield></marc:datafield><marc:datafield tag="035" ind1=" " ind2=" "><marc:subfield code="a">(FI-MELINDA)016915517</marc:subfield></marc:datafield><marc:datafield tag="040" ind1=" " ind2=" "><marc:subfield code="a">FI-BTJ</marc:subfield><marc:subfield code="b">swe</marc:subfield><marc:subfield code="e">rda</marc:subfield></marc:datafield><marc:datafield tag="041" ind1="0" ind2=" "><marc:subfield code="a">swe</marc:subfield></marc:datafield><marc:datafield tag="084" ind1=" " ind2=" "><marc:subfield code="a">86.21</marc:subfield><marc:subfield code="2">ykl</marc:subfield></marc:datafield><marc:datafield tag="084" ind1=" " ind2=" "><marc:subfield code="a">84.31</marc:subfield><marc:subfield code="2">ykl</marc:subfield></marc:datafield><marc:datafield tag="100" ind1="1" ind2=" "><marc:subfield code="a">Jakobson, Lars,</marc:subfield><marc:subfield code="e">författare.</marc:subfield></marc:datafield><marc:datafield tag="245" ind1="1" ind2="0"><marc:subfield code="a">Bokfört /</marc:subfield><marc:subfield code="c">Lars Jakobson ; utgiven av Joan Bravais.</marc:subfield></marc:datafield><marc:datafield tag="264" ind1=" " ind2="1"><marc:subfield code="a">[Stockholm] :</marc:subfield><marc:subfield code="b">Albert Bonniers förlag,</marc:subfield><marc:subfield code="c">[2020]</marc:subfield></marc:datafield><marc:datafield tag="300" ind1=" " ind2=" "><marc:subfield code="a">175 sidor ;</marc:subfield><marc:subfield code="c">20 cm</marc:subfield></marc:datafield><marc:datafield tag="336" ind1=" " ind2=" "><marc:subfield code="a">text</marc:subfield><marc:subfield code="b">txt</marc:subfield><marc:subfield code="2">rdacontent</marc:subfield></marc:datafield><marc:datafield tag="337" ind1=" " ind2=" "><marc:subfield code="a">omedierad</marc:subfield><marc:subfield code="b">n</marc:subfield><marc:subfield code="2">rdamedia</marc:subfield></marc:datafield><marc:datafield tag="338" ind1=" " ind2=" "><marc:subfield code="a">volym</marc:subfield><marc:subfield code="b">nc</marc:subfield><marc:subfield code="2">rdacarrier</marc:subfield></marc:datafield><marc:datafield tag="500" ind1=" " ind2=" "><marc:subfield code="a">Tomhetens barn troligen skriven av Lars Jakobson.</marc:subfield></marc:datafield><marc:datafield tag="505" ind1="0" ind2=" "><marc:subfield code="a">Ars Moriendi / Lars Jakobson -- Tomhetens barn / Raymond Kimber ; översättning och efterord av Lars Jakobson.</marc:subfield></marc:datafield><marc:datafield tag="520" ind1=" " ind2=" "><marc:subfield code="a">&quot;Bokfört&quot; består av två delar. &quot;Ars moriendi&quot; är en essä om litterära skildringar av livet efter katastrofen. Den utgår från två romaner ur besläktade genrer, science fiction och västern, av Joanna Russ och Cormac McCarthy. &quot;Tomhetens barn&quot; är en samling småprosa av Raymond Kimber, i original &quot;The Children of the Void&quot;, från vars olika utgåvor Lars Jakobson har valt ut och översatt ett hundratal texter.</marc:subfield></marc:datafield><marc:datafield tag="546" ind1=" " ind2=" "><marc:subfield code="a">svenska.</marc:subfield></marc:datafield><marc:datafield tag="600" ind1="1" ind2="4"><marc:subfield code="a">Russ, Joanna.</marc:subfield><marc:subfield code="t">We who are about to ...</marc:subfield></marc:datafield><marc:datafield tag="600" ind1="1" ind2="4"><marc:subfield code="a">Russ, Joanna.</marc:subfield><marc:subfield code="t">En gång skall vi alla ...</marc:subfield></marc:datafield><marc:datafield tag="600" ind1="1" ind2="4"><marc:subfield code="a">McCarthy, Cormac.</marc:subfield><marc:subfield code="t">Road.</marc:subfield></marc:datafield><marc:datafield tag="600" ind1="1" ind2="4"><marc:subfield code="a">McCarthy, Cormac.</marc:subfield><marc:subfield code="t">Vägen.</marc:subfield></marc:datafield><marc:datafield tag="650" ind1=" " ind2="7"><marc:subfield code="a">katastrofer</marc:subfield><marc:subfield code="2">yso/swe</marc:subfield><marc:subfield code="0">http://www.yso.fi/onto/yso/p5654</marc:subfield></marc:datafield><marc:datafield tag="650" ind1=" " ind2="7"><marc:subfield code="a">överlevnad</marc:subfield><marc:subfield code="2">yso/swe</marc:subfield><marc:subfield code="0">http://www.yso.fi/onto/yso/p14692</marc:subfield></marc:datafield><marc:datafield tag="650" ind1=" " ind2="7"><marc:subfield code="a">science fiction-litteratur</marc:subfield><marc:subfield code="2">yso/swe</marc:subfield><marc:subfield code="0">http://www.yso.fi/onto/yso/p15527</marc:subfield></marc:datafield><marc:datafield tag="650" ind1=" " ind2="7"><marc:subfield code="a">västernskildringar</marc:subfield><marc:subfield code="2">yso/swe</marc:subfield><marc:subfield code="0">http://www.yso.fi/onto/yso/p6185</marc:subfield></marc:datafield><marc:datafield tag="650" ind1=" " ind2="7"><marc:subfield code="a">dystopier</marc:subfield><marc:subfield code="2">yso/swe</marc:subfield><marc:subfield code="0">http://www.yso.fi/onto/yso/p20646</marc:subfield></marc:datafield><marc:datafield tag="650" ind1=" " ind2="7"><marc:subfield code="a">genreforskning</marc:subfield><marc:subfield code="2">yso/swe</marc:subfield><marc:subfield code="0">http://www.yso.fi/onto/yso/p25505</marc:subfield></marc:datafield><marc:datafield tag="650" ind1=" " ind2="7"><marc:subfield code="a">katastrofit</marc:subfield><marc:subfield code="2">yso/fin</marc:subfield><marc:subfield code="0">http://www.yso.fi/onto/yso/p5654</marc:subfield></marc:datafield><marc:datafield tag="650" ind1=" " ind2="7"><marc:subfield code="a">henkiinjääminen</marc:subfield><marc:subfield code="2">yso/fin</marc:subfield><marc:subfield code="0">http://www.yso.fi/onto/yso/p14692</marc:subfield></marc:datafield><marc:datafield tag="650" ind1=" " ind2="7"><marc:subfield code="a">tieteiskirjallisuus</marc:subfield><marc:subfield code="2">yso/fin</marc:subfield><marc:subfield code="0">http://www.yso.fi/onto/yso/p15527</marc:subfield></marc:datafield><marc:datafield tag="650" ind1=" " ind2="7"><marc:subfield code="a">lännentarinat</marc:subfield><marc:subfield code="2">yso/fin</marc:subfield><marc:subfield code="0">http://www.yso.fi/onto/yso/p6185</marc:subfield></marc:datafield><marc:datafield tag="650" ind1=" " ind2="7"><marc:subfield code="a">dystopiat</marc:subfield><marc:subfield code="2">yso/fin</marc:subfield><marc:subfield code="0">http://www.yso.fi/onto/yso/p20646</marc:subfield></marc:datafield><marc:datafield tag="650" ind1=" " ind2="7"><marc:subfield code="a">genretutkimus</marc:subfield><marc:subfield code="2">yso/fin</marc:subfield><marc:subfield code="0">http://www.yso.fi/onto/yso/p25505</marc:subfield></marc:datafield><marc:datafield tag="650" ind1=" " ind2="7"><marc:subfield code="a">henkilökuvat</marc:subfield><marc:subfield code="2">kauno/fin</marc:subfield><marc:subfield code="0">http://www.yso.fi/onto/kauno/p3215</marc:subfield></marc:datafield><marc:datafield tag="650" ind1=" " ind2="7"><marc:subfield code="a">personportätt</marc:subfield><marc:subfield code="2">kauno/swe</marc:subfield><marc:subfield code="0">http://www.yso.fi/onto/kauno/p3215</marc:subfield></marc:datafield><marc:datafield tag="655" ind1=" " ind2="7"><marc:subfield code="a">essäer</marc:subfield><marc:subfield code="2">slm/swe</marc:subfield><marc:subfield code="0">http://urn.fi/URN:NBN:fi:au:slm:s110</marc:subfield></marc:datafield><marc:datafield tag="655" ind1=" " ind2="7"><marc:subfield code="a">kortprosa</marc:subfield><marc:subfield code="2">slm/swe</marc:subfield><marc:subfield code="0">http://urn.fi/URN:NBN:fi:au:slm:s479</marc:subfield></marc:datafield><marc:datafield tag="655" ind1=" " ind2="7"><marc:subfield code="a">esseet</marc:subfield><marc:subfield code="2">slm/fin</marc:subfield><marc:subfield code="0">http://urn.fi/URN:NBN:fi:au:slm:s110</marc:subfield></marc:datafield><marc:datafield tag="655" ind1=" " ind2="7"><marc:subfield code="a">lyhytproosa</marc:subfield><marc:subfield code="2">slm/fin</marc:subfield><marc:subfield code="0">http://urn.fi/URN:NBN:fi:au:slm:s479</marc:subfield></marc:datafield><marc:datafield tag="700" ind1="1" ind2="2"><marc:subfield code="i">Innehäller (verk):</marc:subfield><marc:subfield code="a">Jakobson, Lars.</marc:subfield><marc:subfield code="t">Ars Moriendi.</marc:subfield></marc:datafield><marc:datafield tag="700" ind1="1" ind2="2"><marc:subfield code="i">Innehåller (verk):</marc:subfield><marc:subfield code="a">Kimber, Raymond.</marc:subfield><marc:subfield code="t">Children of the void.</marc:subfield><marc:subfield code="k">Urval,</marc:subfield><marc:subfield code="l">svenska.</marc:subfield></marc:datafield><marc:datafield tag="740" ind1="0" ind2="2"><marc:subfield code="a">Ars Moriendi.</marc:subfield></marc:datafield><marc:datafield tag="740" ind1="0" ind2="2"><marc:subfield code="a">Tomhetens barn.</marc:subfield></marc:datafield></marc:record>