
<marc:record><marc:leader>02803cam a22003134i 4500</marc:leader>
<marc:controlfield tag="001">017409525</marc:controlfield>
<marc:controlfield tag="003">FI-MELINDA</marc:controlfield><marc:controlfield tag="005">20201104124140.0</marc:controlfield><marc:controlfield tag="008">200909s2020    xxk      b    001 0 eng c</marc:controlfield><marc:datafield tag="020" ind1=" " ind2=" "><marc:subfield code="a">978-1-108-48883-9</marc:subfield><marc:subfield code="q">sidottu</marc:subfield></marc:datafield><marc:datafield tag="024" ind1="8" ind2=" "><marc:subfield code="a">40029794551</marc:subfield></marc:datafield><marc:datafield tag="035" ind1=" " ind2=" "><marc:subfield code="a">(FI-MELINDA)017409525</marc:subfield></marc:datafield><marc:datafield tag="040" ind1=" " ind2=" "><marc:subfield code="a">DLC</marc:subfield><marc:subfield code="b">mul</marc:subfield><marc:subfield code="e">rda</marc:subfield><marc:subfield code="d">FI-H</marc:subfield></marc:datafield><marc:datafield tag="041" ind1="0" ind2=" "><marc:subfield code="a">eng</marc:subfield></marc:datafield><marc:datafield tag="050" ind1="0" ind2="0"><marc:subfield code="a">PS3563.C337</marc:subfield><marc:subfield code="b">Z634 2020</marc:subfield></marc:datafield><marc:datafield tag="245" ind1="0" ind2="0"><marc:subfield code="a">Cormac McCarthy in context /</marc:subfield><marc:subfield code="c">edited by Steven Frye.</marc:subfield></marc:datafield><marc:datafield tag="264" ind1=" " ind2="1"><marc:subfield code="a">Cambridge, United Kingdom ;</marc:subfield><marc:subfield code="a">New York :</marc:subfield><marc:subfield code="b">Cambridge University Press,</marc:subfield><marc:subfield code="c">2020.</marc:subfield></marc:datafield><marc:datafield tag="300" ind1=" " ind2=" "><marc:subfield code="a">xxiv, 395 sivua ;</marc:subfield><marc:subfield code="c">24 cm</marc:subfield></marc:datafield><marc:datafield tag="336" ind1=" " ind2=" "><marc:subfield code="a">teksti</marc:subfield><marc:subfield code="b">txt</marc:subfield><marc:subfield code="2">rdacontent</marc:subfield></marc:datafield><marc:datafield tag="337" ind1=" " ind2=" "><marc:subfield code="a">käytettävissä ilman laitetta</marc:subfield><marc:subfield code="b">n</marc:subfield><marc:subfield code="2">rdamedia</marc:subfield></marc:datafield><marc:datafield tag="338" ind1=" " ind2=" "><marc:subfield code="a">nide</marc:subfield><marc:subfield code="b">nc</marc:subfield><marc:subfield code="2">rdacarrier</marc:subfield></marc:datafield><marc:datafield tag="504" ind1=" " ind2=" "><marc:subfield code="a">Sisältää bibliografisia viitteitä ja hakemiston.</marc:subfield></marc:datafield><marc:datafield tag="520" ind1=" " ind2=" "><marc:subfield code="a">&quot;From childhood, Cormac McCarthy demonstrated a novelist's sensibility. He admits that at an early age he enjoyed many &quot;hobbies.&quot; Later, traveling for the sake of traveling and more specifically to research his many novels, he has focused much on what might be drawn from the language of The Crossing-the &quot;world in its making.&quot; Given what we can determine from the biographical information available, his interests have been eclectic, ranging from inquiries into the processes that govern the natural world, from science and cosmology, to religious and secular philosophy, to social and political issues historically construed. Of course, this intellectual journey has culminated with his long association with the Santa Fe Institute, a think-tank known for its advanced inquiries into questions that employ but press the boundaries of science more narrowly understood. All these pathways have led to a remarkably rich array of novels, plays, and screenplays. McCarthy has published ten novels, two plays, two screenplays, among other works, each reflecting an intense interest in the formal aesthetics of his predecessors but demonstrating a confidence in his ability to contribute and advance those aesthetic practices in important and interesting ways. McCarthy's works manifest a deep and complex engagement with the very interests that have compelled him, and though the archives and personal correspondence reveal a desire to reach an audience, that motive never seemed primary to McCarthy. The act of artistic creation for McCarthy tends to have a more personal dimension, as novels are a way of setting ideas at play&quot;--</marc:subfield><marc:subfield code="c">Provided by publisher.</marc:subfield></marc:datafield><marc:datafield tag="600" ind1="1" ind2="4"><marc:subfield code="a">McCarthy, Cormac,</marc:subfield><marc:subfield code="x">Criticism and interpretation.</marc:subfield></marc:datafield><marc:datafield tag="600" ind1="1" ind2="4"><marc:subfield code="a">McCarthy, Cormac,</marc:subfield><marc:subfield code="x">Aesthetics.</marc:subfield></marc:datafield><marc:datafield tag="600" ind1="1" ind2="4"><marc:subfield code="a">McCarthy, Cormac,</marc:subfield><marc:subfield code="2">fast</marc:subfield></marc:datafield><marc:datafield tag="650" ind1=" " ind2="7"><marc:subfield code="a">Aesthetics.</marc:subfield><marc:subfield code="2">fast</marc:subfield></marc:datafield><marc:datafield tag="700" ind1="1" ind2=" "><marc:subfield code="a">Frye, Steven,</marc:subfield><marc:subfield code="e">toimittaja.</marc:subfield></marc:datafield><marc:datafield tag="776" ind1="0" ind2="8"><marc:subfield code="i">Online version:</marc:subfield><marc:subfield code="t">Cormac McCarthy in context.</marc:subfield><marc:subfield code="d">New York : Cambridge University Press, 2019.</marc:subfield><marc:subfield code="z">9781108772297</marc:subfield><marc:subfield code="w">(DLC) 2019030235</marc:subfield></marc:datafield></marc:record>