
<marc:record><marc:leader>02637cam a22004094i 4500</marc:leader>
<marc:controlfield tag="001">017524706</marc:controlfield>
<marc:controlfield tag="003">FI-MELINDA</marc:controlfield><marc:controlfield tag="005">20211104131208.0</marc:controlfield><marc:controlfield tag="008">210225s2020    xxu      b   s001 0 eng c</marc:controlfield><marc:datafield tag="020" ind1=" " ind2=" "><marc:subfield code="a">9781496208842</marc:subfield><marc:subfield code="q">kovakantinen</marc:subfield></marc:datafield><marc:datafield tag="035" ind1=" " ind2=" "><marc:subfield code="a">(FI-MELINDA)017524706</marc:subfield></marc:datafield><marc:datafield tag="040" ind1=" " ind2=" "><marc:subfield code="a">LBSOR/DLC</marc:subfield><marc:subfield code="b">mul</marc:subfield><marc:subfield code="e">rda</marc:subfield><marc:subfield code="d">FI-H</marc:subfield></marc:datafield><marc:datafield tag="041" ind1="0" ind2=" "><marc:subfield code="a">eng</marc:subfield></marc:datafield><marc:datafield tag="043" ind1=" " ind2=" "><marc:subfield code="a">n-usp--</marc:subfield></marc:datafield><marc:datafield tag="050" ind1="0" ind2="0"><marc:subfield code="a">PS374.W4</marc:subfield><marc:subfield code="b">K47 2020</marc:subfield></marc:datafield><marc:datafield tag="082" ind1="0" ind2="0"><marc:subfield code="a">813/.087409355</marc:subfield><marc:subfield code="2">23</marc:subfield></marc:datafield><marc:datafield tag="100" ind1="1" ind2=" "><marc:subfield code="a">Kharpertian, Kiara,</marc:subfield><marc:subfield code="e">kirjoittaja.</marc:subfield></marc:datafield><marc:datafield tag="245" ind1="1" ind2="0"><marc:subfield code="a">We who work the West :</marc:subfield><marc:subfield code="b">class, labor, and space in Western American literature /</marc:subfield><marc:subfield code="c">Kiara Kharpertian ; edited by Carlo Rotella and Christopher P. Wilson.</marc:subfield></marc:datafield><marc:datafield tag="264" ind1=" " ind2="1"><marc:subfield code="a">Lincoln :</marc:subfield><marc:subfield code="b">University of Nebraska Press,</marc:subfield><marc:subfield code="c">2020.</marc:subfield></marc:datafield><marc:datafield tag="300" ind1=" " ind2=" "><marc:subfield code="a">xxix, 250 sivua ;</marc:subfield><marc:subfield code="c">24 cm</marc:subfield></marc:datafield><marc:datafield tag="336" ind1=" " ind2=" "><marc:subfield code="a">teksti</marc:subfield><marc:subfield code="b">txt</marc:subfield><marc:subfield code="2">rdacontent</marc:subfield></marc:datafield><marc:datafield tag="337" ind1=" " ind2=" "><marc:subfield code="a">käytettävissä ilman laitetta</marc:subfield><marc:subfield code="b">n</marc:subfield><marc:subfield code="2">rdamedia</marc:subfield></marc:datafield><marc:datafield tag="338" ind1=" " ind2=" "><marc:subfield code="a">nide</marc:subfield><marc:subfield code="b">nc</marc:subfield><marc:subfield code="2">rdacarrier</marc:subfield></marc:datafield><marc:datafield tag="490" ind1="0" ind2=" "><marc:subfield code="a">Postwestern horizons</marc:subfield></marc:datafield><marc:datafield tag="504" ind1=" " ind2=" "><marc:subfield code="a">Sisältää bibliografisia viitteitä ja hakemiston.</marc:subfield></marc:datafield><marc:datafield tag="505" ind1="0" ind2=" "><marc:subfield code="a">Introduction: How to tell a Western story -- Naturalism's handiwork : labor, class, and space in Frank Norris's McTeague : a story of San Francisco -- Civic identity and the ethos of belonging : María Amparo Ruiz de Burton's The squatter and the Don and Raymond Barrio's The plum plum pickers -- Watching the West erode in the 1930s : Sanora Babb's Whose names are unknown, Frank Waters's Below grass roots, and John Fante's Wait until spring, Bandini and ask the dust -- He was a good cowboy : identity and history on the post-World War II Texas ranch in Larry McMurtry's Horseman, pass by, Elmer Kelton's The time it never rained, and Cormac McCarthy's All the pretty horses -- Tradition and modernization battle it out on rocky soil : Sherman Alexie's The lone ranger and Tonto fistfight in Heaven, Stephen Graham Jones's The bird is gone, and Linda Hogan's Mean spirit -- From prairie to oil : hybridization and belonging via class, labor, and space in Philipp Meyer's The son.</marc:subfield></marc:datafield><marc:datafield tag="520" ind1=" " ind2=" "><marc:subfield code="a">&quot;We Who Work the West examines literary representations of class, labor, and space in the American West from 1885 to 2012&quot;--</marc:subfield><marc:subfield code="c">Provided by publisher.</marc:subfield></marc:datafield><marc:datafield tag="650" ind1=" " ind2="0"><marc:subfield code="a">Western stories</marc:subfield><marc:subfield code="x">History and criticism.</marc:subfield></marc:datafield><marc:datafield tag="650" ind1=" " ind2="0"><marc:subfield code="a">American fiction</marc:subfield><marc:subfield code="z">West (U.S.)</marc:subfield><marc:subfield code="x">History and criticism.</marc:subfield></marc:datafield><marc:datafield tag="650" ind1=" " ind2="0"><marc:subfield code="a">Working class in literature.</marc:subfield></marc:datafield><marc:datafield tag="650" ind1=" " ind2="0"><marc:subfield code="a">Labor in literature.</marc:subfield></marc:datafield><marc:datafield tag="651" ind1=" " ind2="0"><marc:subfield code="a">West (U.S.)</marc:subfield><marc:subfield code="x">In literature.</marc:subfield></marc:datafield><marc:datafield tag="700" ind1="1" ind2=" "><marc:subfield code="a">Rotella, Carlo,</marc:subfield><marc:subfield code="e">toimittaja.</marc:subfield></marc:datafield><marc:datafield tag="700" ind1="1" ind2=" "><marc:subfield code="a">Wilson, Christopher P.</marc:subfield><marc:subfield code="q">(Christopher Pierce),</marc:subfield><marc:subfield code="e">toimittaja.</marc:subfield></marc:datafield><marc:datafield tag="776" ind1="0" ind2="8"><marc:subfield code="i">Verkkoaineisto:</marc:subfield><marc:subfield code="z">9781496220936</marc:subfield></marc:datafield><marc:datafield tag="776" ind1="0" ind2="8"><marc:subfield code="i">Verkkoaineisto:</marc:subfield><marc:subfield code="z">9781496220943</marc:subfield></marc:datafield><marc:datafield tag="776" ind1="0" ind2="8"><marc:subfield code="i">Verkkoaineisto:</marc:subfield><marc:subfield code="z">9781496220950</marc:subfield></marc:datafield></marc:record>