
<marc:record><marc:leader>03840cam a22004574i 4500</marc:leader>
<marc:controlfield tag="001">018004750</marc:controlfield>
<marc:controlfield tag="003">FI-MELINDA</marc:controlfield><marc:controlfield tag="005">20210820082443.0</marc:controlfield><marc:controlfield tag="006">m     o  d        </marc:controlfield><marc:controlfield tag="007">cr||||||||||||</marc:controlfield><marc:controlfield tag="008">210820s2019    xxua    ob    001 0 eng c</marc:controlfield><marc:datafield tag="020" ind1=" " ind2=" "><marc:subfield code="a">9781498567558</marc:subfield><marc:subfield code="q">PDF</marc:subfield></marc:datafield><marc:datafield tag="035" ind1=" " ind2=" "><marc:subfield code="a">(FI-MELINDA)018004750</marc:subfield></marc:datafield><marc:datafield tag="040" ind1=" " ind2=" "><marc:subfield code="a">FI-Hul</marc:subfield><marc:subfield code="b">fin</marc:subfield><marc:subfield code="e">rda</marc:subfield></marc:datafield><marc:datafield tag="043" ind1=" " ind2=" "><marc:subfield code="a">n-us---</marc:subfield></marc:datafield><marc:datafield tag="050" ind1="0" ind2="0"><marc:subfield code="a">PS374.M37</marc:subfield><marc:subfield code="b">E26 2019</marc:subfield></marc:datafield><marc:datafield tag="082" ind1="0" ind2="0"><marc:subfield code="a">813/.50935211</marc:subfield><marc:subfield code="2">23</marc:subfield></marc:datafield><marc:datafield tag="245" ind1="0" ind2="0"><marc:subfield code="a">Ecomasculinities :</marc:subfield><marc:subfield code="b">negotiating male gender identity in U.S. fiction /</marc:subfield><marc:subfield code="c">[edited by] Rubén Cenamor and Stefan L. Brandt.</marc:subfield></marc:datafield><marc:datafield tag="264" ind1=" " ind2="1"><marc:subfield code="a">Lanham, Maryland :</marc:subfield><marc:subfield code="b">Lexington Books,</marc:subfield><marc:subfield code="c">[2019]</marc:subfield></marc:datafield><marc:datafield tag="300" ind1=" " ind2=" "><marc:subfield code="a">1 verkkoaineisto (xvi, 187 sivua) :</marc:subfield><marc:subfield code="b">kuvitettu</marc:subfield></marc:datafield><marc:datafield tag="336" ind1=" " ind2=" "><marc:subfield code="a">teksti</marc:subfield><marc:subfield code="b">txt</marc:subfield><marc:subfield code="2">rdacontent</marc:subfield></marc:datafield><marc:datafield tag="337" ind1=" " ind2=" "><marc:subfield code="a">tietokonekäyttöinen</marc:subfield><marc:subfield code="b">c</marc:subfield><marc:subfield code="2">rdamedia</marc:subfield></marc:datafield><marc:datafield tag="338" ind1=" " ind2=" "><marc:subfield code="a">verkkoaineisto</marc:subfield><marc:subfield code="b">cr</marc:subfield><marc:subfield code="2">rdacarrier</marc:subfield></marc:datafield><marc:datafield tag="490" ind1="1" ind2=" "><marc:subfield code="a">Ecocritical theory and practice</marc:subfield></marc:datafield><marc:datafield tag="504" ind1=" " ind2=" "><marc:subfield code="a">Sisältää bibliografisia viitteitä ja hakemiston.</marc:subfield></marc:datafield><marc:datafield tag="505" ind1="0" ind2=" "><marc:subfield code="a">The wild ones: ecomasculinities in the American literary imagination / Stefan L. Brandt --Men in nature : a critical analysis of the Mythopoetic men's movement / Paul M. Pulé and Martin Hultman --Eco-men from outer space? : Mars and Utopian masculinities in fin de siècle literature / Alessandra Calanchi --A new man emerges : masculinities beyond capitalism and the eco-man in 1950s America / Rubén Cenamor --Gender blending and psychic phenomena : forming ecomasculinities in Gravity's rainbow / Victoria Addis --Cormac McCarthy's Eco-men : the loss of the natural world in the twentieth-century American landscape / Layla Hendow --The interrelated materiality of masculinities and the more-than-human-world in Jane Smiley's A thousand acres (1991) / Teresa Requena-Pelegrí --The film star as eco-warrior : Harrison Ford saves the planet / Virginia Luzón-Aguado --True detective : not flourishing yet, but maybe germinating / Bill Phillips --Polar bears and electric plugs : green shopping and twenty-first-century queer American masculinity / Evangeline M. Heiliger.</marc:subfield></marc:datafield><marc:datafield tag="506" ind1="1" ind2=" "><marc:subfield code="a">Käytettävissä lisenssin hankkineissa organisaatioissa.</marc:subfield><marc:subfield code="f">Online access with authorization</marc:subfield><marc:subfield code="2">star</marc:subfield></marc:datafield><marc:datafield tag="520" ind1="8" ind2=" "><marc:subfield code="a">&quot;While there exist numerous studies on ecocriticism and ecofeminism, much less has been written about ecomasculinities. This volume contributes to filling this gap by examining models of fictional ecomasculinity in and through contemporary U.S. literature and cinema. Our study examines ecomasculinities as practices of masculinity which are deeply conservationist and can embrace non-masculine traits. In this line of thought, a main goal of the volume is to interrogate the potential of ecomasculinities to elicit in men a desire to become engage in other practices of masculinity that are counter-hegemonic and have as main goal to achieve equality on different strata of society. Bridging the gap between the Social Sciences and the Humanities, the book interrogates intersections between ecomasculinities and masculinities beyond capitalism, ecomasculinities and aging, and ecomasculinities and queerness, among others.&quot; --</marc:subfield><marc:subfield code="c">Julkaisija.</marc:subfield></marc:datafield><marc:datafield tag="588" ind1=" " ind2=" "><marc:subfield code="a">Kuvailun perustana verkkoaineisto; nimeke PDF-nimiösivulta (Ebsco, katsottu 11.8.2021).</marc:subfield></marc:datafield><marc:datafield tag="650" ind1=" " ind2="0"><marc:subfield code="a">American fiction</marc:subfield><marc:subfield code="y">20th century</marc:subfield><marc:subfield code="x">History and criticism.</marc:subfield></marc:datafield><marc:datafield tag="650" ind1=" " ind2="0"><marc:subfield code="a">Masculinity in literature.</marc:subfield></marc:datafield><marc:datafield tag="650" ind1=" " ind2="0"><marc:subfield code="a">Sex role in literature</marc:subfield></marc:datafield><marc:datafield tag="650" ind1=" " ind2="0"><marc:subfield code="a">Men in literature</marc:subfield></marc:datafield><marc:datafield tag="650" ind1=" " ind2="0"><marc:subfield code="a">Motion pictures</marc:subfield><marc:subfield code="z">United States</marc:subfield><marc:subfield code="x">History</marc:subfield><marc:subfield code="y">20th century</marc:subfield></marc:datafield><marc:datafield tag="650" ind1=" " ind2="0"><marc:subfield code="a">Masculinity in motion pictures</marc:subfield></marc:datafield><marc:datafield tag="655" ind1=" " ind2="7"><marc:subfield code="a">e-kirjat</marc:subfield><marc:subfield code="2">slm/fin</marc:subfield><marc:subfield code="0">http://urn.fi/URN:NBN:fi:au:slm:s889</marc:subfield></marc:datafield><marc:datafield tag="655" ind1=" " ind2="7"><marc:subfield code="a">e-böcker</marc:subfield><marc:subfield code="2">slm/swe</marc:subfield><marc:subfield code="0">http://urn.fi/URN:NBN:fi:au:slm:s889</marc:subfield></marc:datafield><marc:datafield tag="700" ind1="1" ind2=" "><marc:subfield code="a">Cenamor, Rubén,</marc:subfield><marc:subfield code="e">toimittaja.</marc:subfield></marc:datafield><marc:datafield tag="700" ind1="1" ind2=" "><marc:subfield code="a">Brandt, Stefan Leonhard,</marc:subfield><marc:subfield code="e">toimittaja.</marc:subfield></marc:datafield><marc:datafield tag="776" ind1="0" ind2="8"><marc:subfield code="i">Painettu:</marc:subfield><marc:subfield code="z">9781498567541</marc:subfield></marc:datafield><marc:datafield tag="830" ind1=" " ind2="0"><marc:subfield code="a">Ecocritical theory and practice</marc:subfield></marc:datafield></marc:record>