
<marc:record><marc:leader>04152cam a22004094i 4500</marc:leader>
<marc:controlfield tag="001">018045579</marc:controlfield>
<marc:controlfield tag="003">FI-MELINDA</marc:controlfield><marc:controlfield tag="005">20211125163845.0</marc:controlfield><marc:controlfield tag="008">210929s2020    xxka     b    000|0 eng c</marc:controlfield><marc:datafield tag="020" ind1=" " ind2=" "><marc:subfield code="a">‎978-1-5275-4630-1</marc:subfield><marc:subfield code="q">kovakantinen</marc:subfield></marc:datafield><marc:datafield tag="035" ind1=" " ind2=" "><marc:subfield code="a">(FI-MELINDA)018045579</marc:subfield></marc:datafield><marc:datafield tag="040" ind1=" " ind2=" "><marc:subfield code="a">FI-Ku</marc:subfield><marc:subfield code="b">fin</marc:subfield><marc:subfield code="e">rda</marc:subfield></marc:datafield><marc:datafield tag="041" ind1="0" ind2=" "><marc:subfield code="a">eng</marc:subfield></marc:datafield><marc:datafield tag="245" ind1="0" ind2="0"><marc:subfield code="a">Transnational interconnections of nature studies and the environmental humanities /</marc:subfield><marc:subfield code="c">Edited by Sophia Emmanouilidou and Sezgin Toska ; foreword by Scott Slovic.</marc:subfield></marc:datafield><marc:datafield tag="264" ind1=" " ind2="1"><marc:subfield code="a">Newcastle upon Tyne :</marc:subfield><marc:subfield code="b">Cambridge Scholars Publishing,</marc:subfield><marc:subfield code="c">2020.</marc:subfield></marc:datafield><marc:datafield tag="300" ind1=" " ind2=" "><marc:subfield code="a">xi, 187 sivua :</marc:subfield><marc:subfield code="b">kuvitettu ;</marc:subfield><marc:subfield code="c">22 cm</marc:subfield></marc:datafield><marc:datafield tag="336" ind1=" " ind2=" "><marc:subfield code="a">teksti</marc:subfield><marc:subfield code="b">txt</marc:subfield><marc:subfield code="2">rdacontent</marc:subfield></marc:datafield><marc:datafield tag="337" ind1=" " ind2=" "><marc:subfield code="a">käytettävissä ilman laitetta</marc:subfield><marc:subfield code="b">n</marc:subfield><marc:subfield code="2">rdamedia</marc:subfield></marc:datafield><marc:datafield tag="338" ind1=" " ind2=" "><marc:subfield code="a">nide</marc:subfield><marc:subfield code="b">nc</marc:subfield><marc:subfield code="2">rdacarrier</marc:subfield></marc:datafield><marc:datafield tag="504" ind1=" " ind2=" "><marc:subfield code="a">Sisältää bibliografisia viitteitä.</marc:subfield></marc:datafield><marc:datafield tag="505" ind1="0" ind2=" "><marc:subfield code="a">Foreword / Scott Slovic -- Introduction: Ecothinking, transnationalism and interdisciplinary study / Sophia Emmanouilidou and Sezgin Toska -- I: Ecoliterary Writings across Time and Space -- Japanese ecosophy: The works of Jeanne Wakatsuki Houston through the prism of ecocriticism / Małgorzata Jarmołowicz-Dziekońska -- Toxicscapes and new sensibilities: Narrating bhopal in Meaghan Delahunt's The Red Book (2008) / Anchitha Krishna -- II: Ecocritical Perspectives of American Literary Writings -- Murder in Arcadia: Ecology and Mary Robert Rinehart's detective fiction / Eleftheria Tsirakoglou -- Neither sinner nor saint: Wilderness in Cormac McCarthy's novels / Kateřina Kovářová -- III: Of Ecocide and Humanity’s Interventions to Nature -- Dilemma and outlet: The current situation of water pollution in China / Shaoyi Chen and Yanli Lin -- Cultural slowness in travel philosophy and business practice for planetary sustainability: Slow tourism for economic, social and ecological care and conviviality / Konrad Gunesch -- &quot;Why are you killing us?&quot;: A critical approach to animal cruelty through a praimary school art project / Maria Emmanouilidou.</marc:subfield></marc:datafield><marc:datafield tag="520" ind1=" " ind2=" "><marc:subfield code="a">How is ecothinking articulated in varied research fields? What are the conjunctions and concurrences of academic endeavors in the attempt to curb environmental destruction? This collection of essays offers a multifaceted exploration of the basic tenets of environmentalism proposed by academic curricula across the world. Ecodestruction, the wilderness, rampant pollution, tourism developments, sustainability, educational interventions, and the plurivocal turn to ecotheoretical textual analysis are some of the critical perspectives and scientific findings investigated here. The book introduces a multilateral understanding of environmental consciousness, and suggests that the study of nature should not be compartmentalized into separate fields of analyses, but aim for the interconnections between disciplines, given that the physical cosmos is an unambiguous and finite host of humanity’s endeavours. The volume appeals to academics, researchers and professionals with a particular interest in the current environmental crisis, offers solid insights into the ways human societies construe nature and hopefully will embark on the protection of the ecosphere.</marc:subfield></marc:datafield><marc:datafield tag="650" ind1=" " ind2="0"><marc:subfield code="a">Human ecology and the humanities.</marc:subfield></marc:datafield><marc:datafield tag="650" ind1=" " ind2="0"><marc:subfield code="a">Environmentalism.</marc:subfield></marc:datafield><marc:datafield tag="650" ind1=" " ind2="7"><marc:subfield code="a">kirjallisuudentutkimus</marc:subfield><marc:subfield code="2">yso/fin</marc:subfield><marc:subfield code="0">http://www.yso.fi/onto/yso/p1066</marc:subfield></marc:datafield><marc:datafield tag="650" ind1=" " ind2="7"><marc:subfield code="a">ekokritiikki</marc:subfield><marc:subfield code="2">yso/fin</marc:subfield><marc:subfield code="0">http://www.yso.fi/onto/yso/p22279</marc:subfield></marc:datafield><marc:datafield tag="650" ind1=" " ind2="7"><marc:subfield code="a">ihmistieteet</marc:subfield><marc:subfield code="2">yso/fin</marc:subfield><marc:subfield code="0">http://www.yso.fi/onto/yso/p3494</marc:subfield></marc:datafield><marc:datafield tag="650" ind1=" " ind2="7"><marc:subfield code="a">luonnontieteet</marc:subfield><marc:subfield code="2">yso/fin</marc:subfield><marc:subfield code="0">http://www.yso.fi/onto/yso/p6227</marc:subfield></marc:datafield><marc:datafield tag="650" ind1=" " ind2="7"><marc:subfield code="a">ympäristötietoisuus</marc:subfield><marc:subfield code="2">yso/fin</marc:subfield><marc:subfield code="0">http://www.yso.fi/onto/yso/p10</marc:subfield></marc:datafield><marc:datafield tag="650" ind1=" " ind2="7"><marc:subfield code="a">litteraturvetenskap</marc:subfield><marc:subfield code="2">yso/swe</marc:subfield><marc:subfield code="0">http://www.yso.fi/onto/yso/p1066</marc:subfield></marc:datafield><marc:datafield tag="650" ind1=" " ind2="7"><marc:subfield code="a">ekokritik</marc:subfield><marc:subfield code="2">yso/swe</marc:subfield><marc:subfield code="0">http://www.yso.fi/onto/yso/p22279</marc:subfield></marc:datafield><marc:datafield tag="650" ind1=" " ind2="7"><marc:subfield code="a">humanvetenskaper</marc:subfield><marc:subfield code="2">yso/swe</marc:subfield><marc:subfield code="0">http://www.yso.fi/onto/yso/p3494</marc:subfield></marc:datafield><marc:datafield tag="650" ind1=" " ind2="7"><marc:subfield code="a">naturvetenskaper</marc:subfield><marc:subfield code="2">yso/swe</marc:subfield><marc:subfield code="0">http://www.yso.fi/onto/yso/p6227</marc:subfield></marc:datafield><marc:datafield tag="650" ind1=" " ind2="7"><marc:subfield code="a">miljömedvetande</marc:subfield><marc:subfield code="2">yso/swe</marc:subfield><marc:subfield code="0">http://www.yso.fi/onto/yso/p10</marc:subfield></marc:datafield><marc:datafield tag="700" ind1="1" ind2=" "><marc:subfield code="a">Emmanouilidou, Sophia,</marc:subfield><marc:subfield code="e">toimittaja.</marc:subfield></marc:datafield><marc:datafield tag="700" ind1="1" ind2=" "><marc:subfield code="a">Toska, Sezgin,</marc:subfield><marc:subfield code="e">toimittaja.</marc:subfield></marc:datafield><marc:datafield tag="700" ind1="1" ind2=" "><marc:subfield code="a">Slovic, Scott,</marc:subfield><marc:subfield code="e">alkusanojen kirjoittaja.</marc:subfield></marc:datafield></marc:record>