
<marc:record><marc:leader>03512cam a22004334i 4500</marc:leader>
<marc:controlfield tag="001">018081692</marc:controlfield>
<marc:controlfield tag="003">FI-MELINDA</marc:controlfield><marc:controlfield tag="005">20211109082546.0</marc:controlfield><marc:controlfield tag="008">211109t20212021xxk      b    001 0 eng c</marc:controlfield><marc:datafield tag="020" ind1=" " ind2=" "><marc:subfield code="a">9781350177642</marc:subfield><marc:subfield code="q">hardcover</marc:subfield></marc:datafield><marc:datafield tag="020" ind1=" " ind2=" "><marc:subfield code="a">1350177644</marc:subfield><marc:subfield code="q">hardcover</marc:subfield></marc:datafield><marc:datafield tag="024" ind1="8" ind2=" "><marc:subfield code="a">60002417770</marc:subfield></marc:datafield><marc:datafield tag="035" ind1=" " ind2=" "><marc:subfield code="a">(FI-MELINDA)018081692</marc:subfield></marc:datafield><marc:datafield tag="040" ind1=" " ind2=" "><marc:subfield code="a">DLC</marc:subfield><marc:subfield code="b">mul</marc:subfield><marc:subfield code="e">rda</marc:subfield></marc:datafield><marc:datafield tag="041" ind1="0" ind2=" "><marc:subfield code="a">eng</marc:subfield></marc:datafield><marc:datafield tag="050" ind1="0" ind2="0"><marc:subfield code="a">PS374.D96</marc:subfield><marc:subfield code="b">M43 2021</marc:subfield></marc:datafield><marc:datafield tag="100" ind1="1" ind2=" "><marc:subfield code="a">McFarland, Sarah E.,</marc:subfield><marc:subfield code="e">kirjoittaja.</marc:subfield></marc:datafield><marc:datafield tag="245" ind1="1" ind2="0"><marc:subfield code="a">Ecocollapse fiction and cultures of human extinction /</marc:subfield><marc:subfield code="c">Sarah E. McFarland.</marc:subfield></marc:datafield><marc:datafield tag="264" ind1=" " ind2="1"><marc:subfield code="a">London ;</marc:subfield><marc:subfield code="a">New York, NY :</marc:subfield><marc:subfield code="b">Bloomsbury Academic,</marc:subfield><marc:subfield code="c">2021.</marc:subfield></marc:datafield><marc:datafield tag="264" ind1=" " ind2="4"><marc:subfield code="c">©2021</marc:subfield></marc:datafield><marc:datafield tag="300" ind1=" " ind2=" "><marc:subfield code="a">x, 154 sivua ;</marc:subfield><marc:subfield code="c">25 cm</marc:subfield></marc:datafield><marc:datafield tag="336" ind1=" " ind2=" "><marc:subfield code="a">teksti</marc:subfield><marc:subfield code="b">txt</marc:subfield><marc:subfield code="2">rdacontent</marc:subfield></marc:datafield><marc:datafield tag="337" ind1=" " ind2=" "><marc:subfield code="a">käytettävissä ilman laitetta</marc:subfield><marc:subfield code="b">n</marc:subfield><marc:subfield code="2">rdamedia</marc:subfield></marc:datafield><marc:datafield tag="338" ind1=" " ind2=" "><marc:subfield code="a">nide</marc:subfield><marc:subfield code="b">nc</marc:subfield><marc:subfield code="2">rdacarrier</marc:subfield></marc:datafield><marc:datafield tag="490" ind1="1" ind2=" "><marc:subfield code="a">Environmental cultures series</marc:subfield></marc:datafield><marc:datafield tag="504" ind1=" " ind2=" "><marc:subfield code="a">Includes bibliographical references and index.</marc:subfield></marc:datafield><marc:datafield tag="505" ind1="0" ind2=" "><marc:subfield code="a">The world unravels -- Irreducible entanglement : &quot;all was kith and kin&quot; in Life of pi -- The last stragglers of ecocollapse : &quot;Diary of an interesting year&quot; and The road -- Bearing witness : narrating human extinction in The dog stars -- Loose ends.</marc:subfield></marc:datafield><marc:datafield tag="520" ind1=" " ind2=" "><marc:subfield code="a">&quot;This work analyzes 21st-century realistic speculations of human extinction: fictions that imagine future worlds without interventions of as-yet uninvented technology, interplanetary travel, or other science fiction elements that provide hope for rescue or long-term survival. Climate change fiction as a genre of apocalyptic and post-apocalyptic writing usually resists facing the potentiality of human species extinction, following instead traditional generic conventions that imagine primitivist communities of human survivors with the means of escaping the consequences of global climate change. Yet amidst the ongoing sixth great extinction, works that problematize survival, provide no opportunities for social rebirth, and speculate humanity's final end may address the problem of how to reject the impulse of human exceptionalism that pervades climate change discourse and post-apocalyptic fiction. Rather than following the preferences of the genre, the ecocollapse fictions examined here manifest apocalypse where the means for a happy ending no longer exists. In these texts, diminished ecosystems, specters of cannibalism, and disintegrations of difference and othering render human self-identity as radically malleable within their confrontations with the stark materiality of all life. This book is the first in-depth exploration of contemporary fictions that imagine the imbrication of human and nonhuman within global species extinctions. It closely interrogates novels from authors like Cormac McCarthy and Yann Martel that reject the impulse of human exceptionalism to demonstrate what it might be like to go extinct&quot;--</marc:subfield><marc:subfield code="c">Provided by publisher.</marc:subfield></marc:datafield><marc:datafield tag="648" ind1=" " ind2="7"><marc:subfield code="a">2000-2099</marc:subfield><marc:subfield code="2">fast</marc:subfield></marc:datafield><marc:datafield tag="650" ind1=" " ind2="0"><marc:subfield code="a">American fiction</marc:subfield><marc:subfield code="y">21st century</marc:subfield><marc:subfield code="x">History and criticism.</marc:subfield></marc:datafield><marc:datafield tag="650" ind1=" " ind2="0"><marc:subfield code="a">Dystopias in literature.</marc:subfield></marc:datafield><marc:datafield tag="650" ind1=" " ind2="0"><marc:subfield code="a">Human ecology in literature.</marc:subfield></marc:datafield><marc:datafield tag="650" ind1=" " ind2="0"><marc:subfield code="a">Climatic changes in literature.</marc:subfield></marc:datafield><marc:datafield tag="650" ind1=" " ind2="7"><marc:subfield code="a">American fiction.</marc:subfield><marc:subfield code="2">fast</marc:subfield></marc:datafield><marc:datafield tag="650" ind1=" " ind2="7"><marc:subfield code="a">Climatic changes in literature.</marc:subfield><marc:subfield code="2">fast</marc:subfield></marc:datafield><marc:datafield tag="650" ind1=" " ind2="7"><marc:subfield code="a">Dystopias in literature.</marc:subfield><marc:subfield code="2">fast</marc:subfield></marc:datafield><marc:datafield tag="650" ind1=" " ind2="7"><marc:subfield code="a">Human ecology in literature.</marc:subfield><marc:subfield code="2">fast</marc:subfield></marc:datafield><marc:datafield tag="776" ind1="0" ind2="8"><marc:subfield code="i">Online version:</marc:subfield><marc:subfield code="a">McFarland, Sarah E.</marc:subfield><marc:subfield code="t">Ecocollapse fiction and cultures of human extinction</marc:subfield><marc:subfield code="d">London ; New York : Bloomsbury Academic, 2021</marc:subfield><marc:subfield code="z">9781350177659</marc:subfield><marc:subfield code="w">(DLC) 2020040931</marc:subfield></marc:datafield><marc:datafield tag="830" ind1=" " ind2="0"><marc:subfield code="a">Environmental cultures series.</marc:subfield></marc:datafield></marc:record>