
<marc:record><marc:leader>02544cam a22005174i 4500</marc:leader>
<marc:controlfield tag="001">018098460</marc:controlfield>
<marc:controlfield tag="003">FI-MELINDA</marc:controlfield><marc:controlfield tag="005">20211202212846.0</marc:controlfield><marc:controlfield tag="008">211201t20192006xxk           000 f eng c</marc:controlfield><marc:datafield tag="020" ind1=" " ind2=" "><marc:subfield code="a">978-1509870639</marc:subfield><marc:subfield code="q">pehmeäkantinen</marc:subfield></marc:datafield><marc:datafield tag="024" ind1="3" ind2=" "><marc:subfield code="a">9781509870639</marc:subfield></marc:datafield><marc:datafield tag="035" ind1=" " ind2=" "><marc:subfield code="a">(FI-MELINDA)018098460</marc:subfield></marc:datafield><marc:datafield tag="040" ind1=" " ind2=" "><marc:subfield code="a">FI-Piki</marc:subfield><marc:subfield code="b">fin</marc:subfield><marc:subfield code="e">rda</marc:subfield></marc:datafield><marc:datafield tag="041" ind1="0" ind2=" "><marc:subfield code="a">eng</marc:subfield></marc:datafield><marc:datafield tag="084" ind1=" " ind2=" "><marc:subfield code="a">84.5</marc:subfield><marc:subfield code="2">ykl</marc:subfield></marc:datafield><marc:datafield tag="100" ind1="1" ind2=" "><marc:subfield code="a">McCarthy, Cormac,</marc:subfield><marc:subfield code="e">kirjoittaja.</marc:subfield></marc:datafield><marc:datafield tag="245" ind1="1" ind2="4"><marc:subfield code="a">The road /</marc:subfield><marc:subfield code="c">Cormac McCarthy ; with an introduction by John Banville.</marc:subfield></marc:datafield><marc:datafield tag="250" ind1=" " ind2=" "><marc:subfield code="a">The Picador Classic edition.</marc:subfield></marc:datafield><marc:datafield tag="264" ind1=" " ind2="1"><marc:subfield code="a">London :</marc:subfield><marc:subfield code="b">Pan Macmillan</marc:subfield><marc:subfield code="c">2019.</marc:subfield></marc:datafield><marc:datafield tag="264" ind1=" " ind2="4"><marc:subfield code="c">©2006</marc:subfield></marc:datafield><marc:datafield tag="300" ind1=" " ind2=" "><marc:subfield code="a">xviii, 306 sivua ;</marc:subfield><marc:subfield code="c">20 cm</marc:subfield></marc:datafield><marc:datafield tag="336" ind1=" " ind2=" "><marc:subfield code="a">teksti</marc:subfield><marc:subfield code="b">txt</marc:subfield><marc:subfield code="2">rdacontent</marc:subfield></marc:datafield><marc:datafield tag="337" ind1=" " ind2=" "><marc:subfield code="a">käytettävissä ilman laitetta</marc:subfield><marc:subfield code="b">n</marc:subfield><marc:subfield code="2">rdamedia</marc:subfield></marc:datafield><marc:datafield tag="338" ind1=" " ind2=" "><marc:subfield code="a">nide</marc:subfield><marc:subfield code="b">nc</marc:subfield><marc:subfield code="2">rdacarrier</marc:subfield></marc:datafield><marc:datafield tag="520" ind1="8" ind2=" "><marc:subfield code="a">Winner of the Pulitzer Prize for Fiction and the James Tait Black Memorial Prize for Fiction, The Road tells the story of a father and son as they journey across a post-apocalyptic landscape that has destroyed most of civilization.</marc:subfield></marc:datafield><marc:datafield tag="586" ind1=" " ind2=" "><marc:subfield code="a">Pulitzer-palkinto, 2007</marc:subfield></marc:datafield><marc:datafield tag="650" ind1=" " ind2="7"><marc:subfield code="a">apokalyptiikka</marc:subfield><marc:subfield code="2">kauno/fin</marc:subfield><marc:subfield code="0">http://www.yso.fi/onto/kauno/p690</marc:subfield></marc:datafield><marc:datafield tag="650" ind1=" " ind2="7"><marc:subfield code="a">itsemurha</marc:subfield><marc:subfield code="2">kauno/fin</marc:subfield><marc:subfield code="0">http://www.yso.fi/onto/kauno/p4496</marc:subfield></marc:datafield><marc:datafield tag="650" ind1=" " ind2="7"><marc:subfield code="a">äidit</marc:subfield><marc:subfield code="2">kauno/fin</marc:subfield><marc:subfield code="0">http://www.yso.fi/onto/kauno/p284</marc:subfield></marc:datafield><marc:datafield tag="650" ind1=" " ind2="7"><marc:subfield code="a">pako</marc:subfield><marc:subfield code="2">kauno/fin</marc:subfield><marc:subfield code="0">http://www.yso.fi/onto/kauno/p2547</marc:subfield></marc:datafield><marc:datafield tag="650" ind1=" " ind2="7"><marc:subfield code="a">selviytyminen</marc:subfield><marc:subfield code="2">kauno/fin</marc:subfield><marc:subfield code="0">http://www.yso.fi/onto/kauno/p2303</marc:subfield></marc:datafield><marc:datafield tag="650" ind1=" " ind2="7"><marc:subfield code="a">toivo</marc:subfield><marc:subfield code="2">kauno/fin</marc:subfield><marc:subfield code="0">http://www.yso.fi/onto/kauno/p109</marc:subfield></marc:datafield><marc:datafield tag="650" ind1=" " ind2="7"><marc:subfield code="a">rakkaus</marc:subfield><marc:subfield code="2">kauno/fin</marc:subfield><marc:subfield code="0">http://www.yso.fi/onto/kauno/p707</marc:subfield></marc:datafield><marc:datafield tag="650" ind1=" " ind2="7"><marc:subfield code="a">matkat</marc:subfield><marc:subfield code="2">kauno/fin</marc:subfield><marc:subfield code="0">http://www.yso.fi/onto/kauno/p3013</marc:subfield></marc:datafield><marc:datafield tag="650" ind1=" " ind2="7"><marc:subfield code="a">isät</marc:subfield><marc:subfield code="2">kauno/fin</marc:subfield><marc:subfield code="0">http://www.yso.fi/onto/kauno/p378</marc:subfield></marc:datafield><marc:datafield tag="650" ind1=" " ind2="7"><marc:subfield code="a">pojat (perheenjäsenet)</marc:subfield><marc:subfield code="2">kauno/fin</marc:subfield><marc:subfield code="0">http://www.yso.fi/onto/kauno/p1551</marc:subfield></marc:datafield><marc:datafield tag="650" ind1=" " ind2="7"><marc:subfield code="a">lesket</marc:subfield><marc:subfield code="2">kauno/fin</marc:subfield><marc:subfield code="0">http://www.yso.fi/onto/kauno/p1801</marc:subfield></marc:datafield><marc:datafield tag="650" ind1=" " ind2="7"><marc:subfield code="a">tuhon jälkeinen maailma</marc:subfield><marc:subfield code="2">kauno/fin</marc:subfield><marc:subfield code="0">http://www.yso.fi/onto/kauno/p595</marc:subfield></marc:datafield><marc:datafield tag="650" ind1=" " ind2="7"><marc:subfield code="a">ydintalvi</marc:subfield><marc:subfield code="2">kauno/fin</marc:subfield><marc:subfield code="0">http://www.yso.fi/onto/kauno/p3880</marc:subfield></marc:datafield><marc:datafield tag="650" ind1=" " ind2="7"><marc:subfield code="a">syrjäseudut</marc:subfield><marc:subfield code="2">kauno/fin</marc:subfield><marc:subfield code="0">http://www.yso.fi/onto/kauno/p2357</marc:subfield></marc:datafield><marc:datafield tag="651" ind1=" " ind2="7"><marc:subfield code="a">Yhdysvallat</marc:subfield><marc:subfield code="2">yso/fin</marc:subfield><marc:subfield code="0">http://www.yso.fi/onto/yso/p105078</marc:subfield></marc:datafield><marc:datafield tag="651" ind1=" " ind2="7"><marc:subfield code="a">Förenta staterna</marc:subfield><marc:subfield code="2">yso/swe</marc:subfield><marc:subfield code="0">http://www.yso.fi/onto/yso/p105078</marc:subfield></marc:datafield><marc:datafield tag="655" ind1=" " ind2="7"><marc:subfield code="a">psykologiset romaanit</marc:subfield><marc:subfield code="2">kauno/fin</marc:subfield><marc:subfield code="0">http://www.yso.fi/onto/kauno/p2149</marc:subfield></marc:datafield><marc:datafield tag="655" ind1=" " ind2="7"><marc:subfield code="a">matkakirjallisuus</marc:subfield><marc:subfield code="2">kauno/fin</marc:subfield><marc:subfield code="0">http://www.yso.fi/onto/kauno/p1935</marc:subfield></marc:datafield><marc:datafield tag="655" ind1=" " ind2="7"><marc:subfield code="a">dystopiat</marc:subfield><marc:subfield code="2">kauno/fin</marc:subfield><marc:subfield code="0">http://www.yso.fi/onto/kauno/p711</marc:subfield></marc:datafield><marc:datafield tag="700" ind1="1" ind2=" "><marc:subfield code="a">Banville, John,</marc:subfield><marc:subfield code="e">johdannon kirjoittaja.</marc:subfield></marc:datafield></marc:record>